%YAML 1.1
%TAG !u! tag:unity3d.com,2011:
--- !u!1 &5450969706627565767
GameObject:
  m_ObjectHideFlags: 0
  m_CorrespondingSourceObject: {fileID: 0}
  m_PrefabInstance: {fileID: 0}
  m_PrefabAsset: {fileID: 0}
  serializedVersion: 6
  m_Component:
  - component: {fileID: 6043222064926661784}
  m_Layer: 0
  m_Name: Goal
  m_TagString: Untagged
  m_Icon: {fileID: 0}
  m_NavMeshLayer: 0
  m_StaticEditorFlags: 0
  m_IsActive: 1
--- !u!4 &6043222064926661784
Transform:
  m_ObjectHideFlags: 0
  m_CorrespondingSourceObject: {fileID: 0}
  m_PrefabInstance: {fileID: 0}
  m_PrefabAsset: {fileID: 0}
  m_GameObject: {fileID: 5450969706627565767}
  m_LocalRotation: {x: 0, y: 0, z: 0, w: 1}
  m_LocalPosition: {x: 78.06511, y: 6.621479, z: 115.670044}
  m_LocalScale: {x: 1, y: 1, z: 1}
  m_Children:
  - {fileID: 5771232361421701237}
  - {fileID: 9141684440511581569}
  - {fileID: 5836819024781647207}
  - {fileID: 1547746782961307112}
  - {fileID: 7288454080965438717}
  m_Father: {fileID: 0}
  m_RootOrder: 0
  m_LocalEulerAnglesHint: {x: 0, y: 0, z: 0}
--- !u!1001 &380949393038099670
PrefabInstance:
  m_ObjectHideFlags: 0
  serializedVersion: 2
  m_Modification:
    m_TransformParent: {fileID: 9141684440511581569}
    m_Modifications:
    - target: {fileID: 121088, guid: 5bad3bfa14ca03549852bc34961b1515, type: 3}
      propertyPath: m_Name
      value: SM_Bld_OfficeSquare_07
      objectReference: {fileID: 0}
    - target: {fileID: 481636, guid: 5bad3bfa14ca03549852bc34961b1515, type: 3}
      propertyPath: m_RootOrder
      value: 11
      objectReference: {fileID: 0}
    - target: {fileID: 481636, guid: 5bad3bfa14ca03549852bc34961b1515, type: 3}
      propertyPath: m_LocalPosition.x
      value: 0
      objectReference: {fileID: 0}
    - target: {fileID: 481636, guid: 5bad3bfa14ca03549852bc34961b1515, type: 3}
      propertyPath: m_LocalPosition.y
      value: 48.5
      objectReference: {fileID: 0}
    - target: {fileID: 481636, guid: 5bad3bfa14ca03549852bc34961b1515, type: 3}
      propertyPath: m_LocalPosition.z
      value: 0
      objectReference: {fileID: 0}
    - target: {fileID: 481636, guid: 5bad3bfa14ca03549852bc34961b1515, type: 3}
      propertyPath: m_LocalRotation.w
      value: 1
      objectReference: {fileID: 0}
    - target: {fileID: 481636, guid: 5bad3bfa14ca03549852bc34961b1515, type: 3}
      propertyPath: m_LocalRotation.x
      value: 0
      objectReference: {fileID: 0}
    - target: {fileID: 481636, guid: 5bad3bfa14ca03549852bc34961b1515, type: 3}
      propertyPath: m_LocalRotation.y
      value: 0
      objectReference: {fileID: 0}
    - target: {fileID: 481636, guid: 5bad3bfa14ca03549852bc34961b1515, type: 3}
      propertyPath: m_LocalRotation.z
      value: 0
      objectReference: {fileID: 0}
    - target: {fileID: 2361866, guid: 5bad3bfa14ca03549852bc34961b1515, type: 3}
      propertyPath: m_Materials.Array.data[0]
      value: 
      objectReference: {fileID: 2100000, guid: ee5d59fcc8497a641905c26644c20880, type: 2}
    m_RemovedComponents: []
  m_SourcePrefab: {fileID: 100100000, guid: 5bad3bfa14ca03549852bc34961b1515, type: 3}
--- !u!1001 &1547746782961719530
PrefabInstance:
  m_ObjectHideFlags: 0
  serializedVersion: 2
  m_Modification:
    m_TransformParent: {fileID: 6043222064926661784}
    m_Modifications:
    - target: {fileID: 130748, guid: c4dc818a3d0107c43a6ad73bdfca8766, type: 3}
      propertyPath: m_Name
      value: Burger (2)
      objectReference: {fileID: 0}
    - target: {fileID: 414978, guid: c4dc818a3d0107c43a6ad73bdfca8766, type: 3}
      propertyPath: m_RootOrder
      value: 3
      objectReference: {fileID: 0}
    - target: {fileID: 414978, guid: c4dc818a3d0107c43a6ad73bdfca8766, type: 3}
      propertyPath: m_LocalScale.x
      value: 3
      objectReference: {fileID: 0}
    - target: {fileID: 414978, guid: c4dc818a3d0107c43a6ad73bdfca8766, type: 3}
      propertyPath: m_LocalScale.y
      value: 3
      objectReference: {fileID: 0}
    - target: {fileID: 414978, guid: c4dc818a3d0107c43a6ad73bdfca8766, type: 3}
      propertyPath: m_LocalScale.z
      value: 3
      objectReference: {fileID: 0}
    - target: {fileID: 414978, guid: c4dc818a3d0107c43a6ad73bdfca8766, type: 3}
      propertyPath: m_LocalPosition.x
      value: 0.93489075
      objectReference: {fileID: 0}
    - target: {fileID: 414978, guid: c4dc818a3d0107c43a6ad73bdfca8766, type: 3}
      propertyPath: m_LocalPosition.y
      value: 34.87852
      objectReference: {fileID: 0}
    - target: {fileID: 414978, guid: c4dc818a3d0107c43a6ad73bdfca8766, type: 3}
      propertyPath: m_LocalPosition.z
      value: 1.329956
      objectReference: {fileID: 0}
    - target: {fileID: 414978, guid: c4dc818a3d0107c43a6ad73bdfca8766, type: 3}
      propertyPath: m_LocalRotation.w
      value: 0.93722105
      objectReference: {fileID: 0}
    - target: {fileID: 414978, guid: c4dc818a3d0107c43a6ad73bdfca8766, type: 3}
      propertyPath: m_LocalRotation.x
      value: -0.1247821
      objectReference: {fileID: 0}
    - target: {fileID: 414978, guid: c4dc818a3d0107c43a6ad73bdfca8766, type: 3}
      propertyPath: m_LocalRotation.y
      value: -0.3208678
      objectReference: {fileID: 0}
    - target: {fileID: 414978, guid: c4dc818a3d0107c43a6ad73bdfca8766, type: 3}
      propertyPath: m_LocalRotation.z
      value: -0.055587694
      objectReference: {fileID: 0}
    - target: {fileID: 414978, guid: c4dc818a3d0107c43a6ad73bdfca8766, type: 3}
      propertyPath: m_LocalEulerAnglesHint.x
      value: -15.639
      objectReference: {fileID: 0}
    - target: {fileID: 414978, guid: c4dc818a3d0107c43a6ad73bdfca8766, type: 3}
      propertyPath: m_LocalEulerAnglesHint.y
      value: -37.601
      objectReference: {fileID: 0}
    - target: {fileID: 414978, guid: c4dc818a3d0107c43a6ad73bdfca8766, type: 3}
      propertyPath: m_LocalEulerAnglesHint.z
      value: -1.435
      objectReference: {fileID: 0}
    m_RemovedComponents: []
  m_SourcePrefab: {fileID: 100100000, guid: c4dc818a3d0107c43a6ad73bdfca8766, type: 3}
--- !u!4 &1547746782961307112 stripped
Transform:
  m_CorrespondingSourceObject: {fileID: 414978, guid: c4dc818a3d0107c43a6ad73bdfca8766, type: 3}
  m_PrefabInstance: {fileID: 1547746782961719530}
  m_PrefabAsset: {fileID: 0}
--- !u!1001 &1805420882069139946
PrefabInstance:
  m_ObjectHideFlags: 0
  serializedVersion: 2
  m_Modification:
    m_TransformParent: {fileID: 9141684440511581569}
    m_Modifications:
    - target: {fileID: 111276, guid: 8e6be04d8370d1c4fa754d22592984f1, type: 3}
      propertyPath: m_Name
      value: SM_Bld_OfficeSquare_Roof_08
      objectReference: {fileID: 0}
    - target: {fileID: 479420, guid: 8e6be04d8370d1c4fa754d22592984f1, type: 3}
      propertyPath: m_RootOrder
      value: 9
      objectReference: {fileID: 0}
    - target: {fileID: 479420, guid: 8e6be04d8370d1c4fa754d22592984f1, type: 3}
      propertyPath: m_LocalPosition.x
      value: 0
      objectReference: {fileID: 0}
    - target: {fileID: 479420, guid: 8e6be04d8370d1c4fa754d22592984f1, type: 3}
      propertyPath: m_LocalPosition.y
      value: 48
      objectReference: {fileID: 0}
    - target: {fileID: 479420, guid: 8e6be04d8370d1c4fa754d22592984f1, type: 3}
      propertyPath: m_LocalPosition.z
      value: 0
      objectReference: {fileID: 0}
    - target: {fileID: 479420, guid: 8e6be04d8370d1c4fa754d22592984f1, type: 3}
      propertyPath: m_LocalRotation.w
      value: 1
      objectReference: {fileID: 0}
    - target: {fileID: 479420, guid: 8e6be04d8370d1c4fa754d22592984f1, type: 3}
      propertyPath: m_LocalRotation.x
      value: 0
      objectReference: {fileID: 0}
    - target: {fileID: 479420, guid: 8e6be04d8370d1c4fa754d22592984f1, type: 3}
      propertyPath: m_LocalRotation.y
      value: 0
      objectReference: {fileID: 0}
    - target: {fileID: 479420, guid: 8e6be04d8370d1c4fa754d22592984f1, type: 3}
      propertyPath: m_LocalRotation.z
      value: 0
      objectReference: {fileID: 0}
    - target: {fileID: 2359360, guid: 8e6be04d8370d1c4fa754d22592984f1, type: 3}
      propertyPath: m_Materials.Array.data[0]
      value: 
      objectReference: {fileID: 2100000, guid: ee5d59fcc8497a641905c26644c20880, type: 2}
    m_RemovedComponents: []
  m_SourcePrefab: {fileID: 100100000, guid: 8e6be04d8370d1c4fa754d22592984f1, type: 3}
--- !u!1001 &2069423364409828747
PrefabInstance:
  m_ObjectHideFlags: 0
  serializedVersion: 2
  m_Modification:
    m_TransformParent: {fileID: 9141684440511581569}
    m_Modifications:
    - target: {fileID: 121088, guid: 5bad3bfa14ca03549852bc34961b1515, type: 3}
      propertyPath: m_Name
      value: SM_Bld_OfficeSquare_06
      objectReference: {fileID: 0}
    - target: {fileID: 481636, guid: 5bad3bfa14ca03549852bc34961b1515, type: 3}
      propertyPath: m_RootOrder
      value: 10
      objectReference: {fileID: 0}
    - target: {fileID: 481636, guid: 5bad3bfa14ca03549852bc34961b1515, type: 3}
      propertyPath: m_LocalPosition.x
      value: 0
      objectReference: {fileID: 0}
    - target: {fileID: 481636, guid: 5bad3bfa14ca03549852bc34961b1515, type: 3}
      propertyPath: m_LocalPosition.y
      value: 39.5
      objectReference: {fileID: 0}
    - target: {fileID: 481636, guid: 5bad3bfa14ca03549852bc34961b1515, type: 3}
      propertyPath: m_LocalPosition.z
      value: 0
      objectReference: {fileID: 0}
    - target: {fileID: 481636, guid: 5bad3bfa14ca03549852bc34961b1515, type: 3}
      propertyPath: m_LocalRotation.w
      value: 1
      objectReference: {fileID: 0}
    - target: {fileID: 481636, guid: 5bad3bfa14ca03549852bc34961b1515, type: 3}
      propertyPath: m_LocalRotation.x
      value: 0
      objectReference: {fileID: 0}
    - target: {fileID: 481636, guid: 5bad3bfa14ca03549852bc34961b1515, type: 3}
      propertyPath: m_LocalRotation.y
      value: 0
      objectReference: {fileID: 0}
    - target: {fileID: 481636, guid: 5bad3bfa14ca03549852bc34961b1515, type: 3}
      propertyPath: m_LocalRotation.z
      value: 0
      objectReference: {fileID: 0}
    - target: {fileID: 2361866, guid: 5bad3bfa14ca03549852bc34961b1515, type: 3}
      propertyPath: m_Materials.Array.data[0]
      value: 
      objectReference: {fileID: 2100000, guid: ee5d59fcc8497a641905c26644c20880, type: 2}
    m_RemovedComponents: []
  m_SourcePrefab: {fileID: 100100000, guid: 5bad3bfa14ca03549852bc34961b1515, type: 3}
--- !u!1001 &2324587152085197465
PrefabInstance:
  m_ObjectHideFlags: 0
  serializedVersion: 2
  m_Modification:
    m_TransformParent: {fileID: 9141684440511581569}
    m_Modifications:
    - target: {fileID: 111276, guid: 8e6be04d8370d1c4fa754d22592984f1, type: 3}
      propertyPath: m_Name
      value: SM_Bld_OfficeSquare_Roof_06
      objectReference: {fileID: 0}
    - target: {fileID: 479420, guid: 8e6be04d8370d1c4fa754d22592984f1, type: 3}
      propertyPath: m_RootOrder
      value: 5
      objectReference: {fileID: 0}
    - target: {fileID: 479420, guid: 8e6be04d8370d1c4fa754d22592984f1, type: 3}
      propertyPath: m_LocalPosition.x
      value: 0
      objectReference: {fileID: 0}
    - target: {fileID: 479420, guid: 8e6be04d8370d1c4fa754d22592984f1, type: 3}
      propertyPath: m_LocalPosition.y
      value: 30
      objectReference: {fileID: 0}
    - target: {fileID: 479420, guid: 8e6be04d8370d1c4fa754d22592984f1, type: 3}
      propertyPath: m_LocalPosition.z
      value: 0
      objectReference: {fileID: 0}
    - target: {fileID: 479420, guid: 8e6be04d8370d1c4fa754d22592984f1, type: 3}
      propertyPath: m_LocalRotation.w
      value: 1
      objectReference: {fileID: 0}
    - target: {fileID: 479420, guid: 8e6be04d8370d1c4fa754d22592984f1, type: 3}
      propertyPath: m_LocalRotation.x
      value: 0
      objectReference: {fileID: 0}
    - target: {fileID: 479420, guid: 8e6be04d8370d1c4fa754d22592984f1, type: 3}
      propertyPath: m_LocalRotation.y
      value: 0
      objectReference: {fileID: 0}
    - target: {fileID: 479420, guid: 8e6be04d8370d1c4fa754d22592984f1, type: 3}
      propertyPath: m_LocalRotation.z
      value: 0
      objectReference: {fileID: 0}
    - target: {fileID: 2359360, guid: 8e6be04d8370d1c4fa754d22592984f1, type: 3}
      propertyPath: m_Materials.Array.data[0]
      value: 
      objectReference: {fileID: 2100000, guid: ee5d59fcc8497a641905c26644c20880, type: 2}
    m_RemovedComponents: []
  m_SourcePrefab: {fileID: 100100000, guid: 8e6be04d8370d1c4fa754d22592984f1, type: 3}
--- !u!1001 &3400489597515883328
PrefabInstance:
  m_ObjectHideFlags: 0
  serializedVersion: 2
  m_Modification:
    m_TransformParent: {fileID: 9141684440511581569}
    m_Modifications:
    - target: {fileID: 121088, guid: 5bad3bfa14ca03549852bc34961b1515, type: 3}
      propertyPath: m_Name
      value: SM_Bld_OfficeSquare_03
      objectReference: {fileID: 0}
    - target: {fileID: 481636, guid: 5bad3bfa14ca03549852bc34961b1515, type: 3}
      propertyPath: m_RootOrder
      value: 3
      objectReference: {fileID: 0}
    - target: {fileID: 481636, guid: 5bad3bfa14ca03549852bc34961b1515, type: 3}
      propertyPath: m_LocalPosition.x
      value: 0
      objectReference: {fileID: 0}
    - target: {fileID: 481636, guid: 5bad3bfa14ca03549852bc34961b1515, type: 3}
      propertyPath: m_LocalPosition.y
      value: 12.499999
      objectReference: {fileID: 0}
    - target: {fileID: 481636, guid: 5bad3bfa14ca03549852bc34961b1515, type: 3}
      propertyPath: m_LocalPosition.z
      value: 0
      objectReference: {fileID: 0}
    - target: {fileID: 481636, guid: 5bad3bfa14ca03549852bc34961b1515, type: 3}
      propertyPath: m_LocalRotation.w
      value: 1
      objectReference: {fileID: 0}
    - target: {fileID: 481636, guid: 5bad3bfa14ca03549852bc34961b1515, type: 3}
      propertyPath: m_LocalRotation.x
      value: 0
      objectReference: {fileID: 0}
    - target: {fileID: 481636, guid: 5bad3bfa14ca03549852bc34961b1515, type: 3}
      propertyPath: m_LocalRotation.y
      value: 0
      objectReference: {fileID: 0}
    - target: {fileID: 481636, guid: 5bad3bfa14ca03549852bc34961b1515, type: 3}
      propertyPath: m_LocalRotation.z
      value: 0
      objectReference: {fileID: 0}
    - target: {fileID: 2361866, guid: 5bad3bfa14ca03549852bc34961b1515, type: 3}
      propertyPath: m_Materials.Array.data[0]
      value: 
      objectReference: {fileID: 2100000, guid: ee5d59fcc8497a641905c26644c20880, type: 2}
    m_RemovedComponents: []
  m_SourcePrefab: {fileID: 100100000, guid: 5bad3bfa14ca03549852bc34961b1515, type: 3}
--- !u!1001 &3545525709493551908
PrefabInstance:
  m_ObjectHideFlags: 0
  serializedVersion: 2
  m_Modification:
    m_TransformParent: {fileID: 9141684440511581569}
    m_Modifications:
    - target: {fileID: 111276, guid: 8e6be04d8370d1c4fa754d22592984f1, type: 3}
      propertyPath: m_Name
      value: SM_Bld_OfficeSquare_Roof_05
      objectReference: {fileID: 0}
    - target: {fileID: 479420, guid: 8e6be04d8370d1c4fa754d22592984f1, type: 3}
      propertyPath: m_RootOrder
      value: 4
      objectReference: {fileID: 0}
    - target: {fileID: 479420, guid: 8e6be04d8370d1c4fa754d22592984f1, type: 3}
      propertyPath: m_LocalPosition.x
      value: 0
      objectReference: {fileID: 0}
    - target: {fileID: 479420, guid: 8e6be04d8370d1c4fa754d22592984f1, type: 3}
      propertyPath: m_LocalPosition.y
      value: 21
      objectReference: {fileID: 0}
    - target: {fileID: 479420, guid: 8e6be04d8370d1c4fa754d22592984f1, type: 3}
      propertyPath: m_LocalPosition.z
      value: 0
      objectReference: {fileID: 0}
    - target: {fileID: 479420, guid: 8e6be04d8370d1c4fa754d22592984f1, type: 3}
      propertyPath: m_LocalRotation.w
      value: 1
      objectReference: {fileID: 0}
    - target: {fileID: 479420, guid: 8e6be04d8370d1c4fa754d22592984f1, type: 3}
      propertyPath: m_LocalRotation.x
      value: 0
      objectReference: {fileID: 0}
    - target: {fileID: 479420, guid: 8e6be04d8370d1c4fa754d22592984f1, type: 3}
      propertyPath: m_LocalRotation.y
      value: 0
      objectReference: {fileID: 0}
    - target: {fileID: 479420, guid: 8e6be04d8370d1c4fa754d22592984f1, type: 3}
      propertyPath: m_LocalRotation.z
      value: 0
      objectReference: {fileID: 0}
    - target: {fileID: 2359360, guid: 8e6be04d8370d1c4fa754d22592984f1, type: 3}
      propertyPath: m_Materials.Array.data[0]
      value: 
      objectReference: {fileID: 2100000, guid: ee5d59fcc8497a641905c26644c20880, type: 2}
    m_RemovedComponents: []
  m_SourcePrefab: {fileID: 100100000, guid: 8e6be04d8370d1c4fa754d22592984f1, type: 3}
--- !u!1001 &3557586138000069775
PrefabInstance:
  m_ObjectHideFlags: 0
  serializedVersion: 2
  m_Modification:
    m_TransformParent: {fileID: 9141684440511581569}
    m_Modifications:
    - target: {fileID: 111276, guid: 8e6be04d8370d1c4fa754d22592984f1, type: 3}
      propertyPath: m_Name
      value: SM_Bld_OfficeSquare_Roof_04
      objectReference: {fileID: 0}
    - target: {fileID: 479420, guid: 8e6be04d8370d1c4fa754d22592984f1, type: 3}
      propertyPath: m_RootOrder
      value: 1
      objectReference: {fileID: 0}
    - target: {fileID: 479420, guid: 8e6be04d8370d1c4fa754d22592984f1, type: 3}
      propertyPath: m_LocalPosition.x
      value: 0
      objectReference: {fileID: 0}
    - target: {fileID: 479420, guid: 8e6be04d8370d1c4fa754d22592984f1, type: 3}
      propertyPath: m_LocalPosition.y
      value: 12
      objectReference: {fileID: 0}
    - target: {fileID: 479420, guid: 8e6be04d8370d1c4fa754d22592984f1, type: 3}
      propertyPath: m_LocalPosition.z
      value: 0
      objectReference: {fileID: 0}
    - target: {fileID: 479420, guid: 8e6be04d8370d1c4fa754d22592984f1, type: 3}
      propertyPath: m_LocalRotation.w
      value: 1
      objectReference: {fileID: 0}
    - target: {fileID: 479420, guid: 8e6be04d8370d1c4fa754d22592984f1, type: 3}
      propertyPath: m_LocalRotation.x
      value: 0
      objectReference: {fileID: 0}
    - target: {fileID: 479420, guid: 8e6be04d8370d1c4fa754d22592984f1, type: 3}
      propertyPath: m_LocalRotation.y
      value: 0
      objectReference: {fileID: 0}
    - target: {fileID: 479420, guid: 8e6be04d8370d1c4fa754d22592984f1, type: 3}
      propertyPath: m_LocalRotation.z
      value: 0
      objectReference: {fileID: 0}
    - target: {fileID: 2359360, guid: 8e6be04d8370d1c4fa754d22592984f1, type: 3}
      propertyPath: m_Materials.Array.data[0]
      value: 
      objectReference: {fileID: 2100000, guid: ee5d59fcc8497a641905c26644c20880, type: 2}
    m_RemovedComponents: []
  m_SourcePrefab: {fileID: 100100000, guid: 8e6be04d8370d1c4fa754d22592984f1, type: 3}
--- !u!1001 &4433589147983743249
PrefabInstance:
  m_ObjectHideFlags: 0
  serializedVersion: 2
  m_Modification:
    m_TransformParent: {fileID: 9141684440511581569}
    m_Modifications:
    - target: {fileID: 111276, guid: 8e6be04d8370d1c4fa754d22592984f1, type: 3}
      propertyPath: m_Name
      value: SM_Bld_OfficeSquare_Roof_09
      objectReference: {fileID: 0}
    - target: {fileID: 479420, guid: 8e6be04d8370d1c4fa754d22592984f1, type: 3}
      propertyPath: m_RootOrder
      value: 12
      objectReference: {fileID: 0}
    - target: {fileID: 479420, guid: 8e6be04d8370d1c4fa754d22592984f1, type: 3}
      propertyPath: m_LocalPosition.x
      value: 0
      objectReference: {fileID: 0}
    - target: {fileID: 479420, guid: 8e6be04d8370d1c4fa754d22592984f1, type: 3}
      propertyPath: m_LocalPosition.y
      value: 57
      objectReference: {fileID: 0}
    - target: {fileID: 479420, guid: 8e6be04d8370d1c4fa754d22592984f1, type: 3}
      propertyPath: m_LocalPosition.z
      value: 0
      objectReference: {fileID: 0}
    - target: {fileID: 479420, guid: 8e6be04d8370d1c4fa754d22592984f1, type: 3}
      propertyPath: m_LocalRotation.w
      value: 1
      objectReference: {fileID: 0}
    - target: {fileID: 479420, guid: 8e6be04d8370d1c4fa754d22592984f1, type: 3}
      propertyPath: m_LocalRotation.x
      value: 0
      objectReference: {fileID: 0}
    - target: {fileID: 479420, guid: 8e6be04d8370d1c4fa754d22592984f1, type: 3}
      propertyPath: m_LocalRotation.y
      value: 0
      objectReference: {fileID: 0}
    - target: {fileID: 479420, guid: 8e6be04d8370d1c4fa754d22592984f1, type: 3}
      propertyPath: m_LocalRotation.z
      value: 0
      objectReference: {fileID: 0}
    - target: {fileID: 2359360, guid: 8e6be04d8370d1c4fa754d22592984f1, type: 3}
      propertyPath: m_Materials.Array.data[0]
      value: 
      objectReference: {fileID: 2100000, guid: ee5d59fcc8497a641905c26644c20880, type: 2}
    m_RemovedComponents: []
  m_SourcePrefab: {fileID: 100100000, guid: 8e6be04d8370d1c4fa754d22592984f1, type: 3}
--- !u!1001 &5313015676834421867
PrefabInstance:
  m_ObjectHideFlags: 0
  serializedVersion: 2
  m_Modification:
    m_TransformParent: {fileID: 9141684440511581569}
    m_Modifications:
    - target: {fileID: 121088, guid: 5bad3bfa14ca03549852bc34961b1515, type: 3}
      propertyPath: m_Name
      value: SM_Bld_OfficeSquare_04
      objectReference: {fileID: 0}
    - target: {fileID: 481636, guid: 5bad3bfa14ca03549852bc34961b1515, type: 3}
      propertyPath: m_RootOrder
      value: 6
      objectReference: {fileID: 0}
    - target: {fileID: 481636, guid: 5bad3bfa14ca03549852bc34961b1515, type: 3}
      propertyPath: m_LocalPosition.x
      value: 0
      objectReference: {fileID: 0}
    - target: {fileID: 481636, guid: 5bad3bfa14ca03549852bc34961b1515, type: 3}
      propertyPath: m_LocalPosition.y
      value: 21.5
      objectReference: {fileID: 0}
    - target: {fileID: 481636, guid: 5bad3bfa14ca03549852bc34961b1515, type: 3}
      propertyPath: m_LocalPosition.z
      value: 0
      objectReference: {fileID: 0}
    - target: {fileID: 481636, guid: 5bad3bfa14ca03549852bc34961b1515, type: 3}
      propertyPath: m_LocalRotation.w
      value: 1
      objectReference: {fileID: 0}
    - target: {fileID: 481636, guid: 5bad3bfa14ca03549852bc34961b1515, type: 3}
      propertyPath: m_LocalRotation.x
      value: 0
      objectReference: {fileID: 0}
    - target: {fileID: 481636, guid: 5bad3bfa14ca03549852bc34961b1515, type: 3}
      propertyPath: m_LocalRotation.y
      value: 0
      objectReference: {fileID: 0}
    - target: {fileID: 481636, guid: 5bad3bfa14ca03549852bc34961b1515, type: 3}
      propertyPath: m_LocalRotation.z
      value: 0
      objectReference: {fileID: 0}
    - target: {fileID: 2361866, guid: 5bad3bfa14ca03549852bc34961b1515, type: 3}
      propertyPath: m_Materials.Array.data[0]
      value: 
      objectReference: {fileID: 2100000, guid: ee5d59fcc8497a641905c26644c20880, type: 2}
    m_RemovedComponents: []
  m_SourcePrefab: {fileID: 100100000, guid: 5bad3bfa14ca03549852bc34961b1515, type: 3}
--- !u!1001 &5573424432171187423
PrefabInstance:
  m_ObjectHideFlags: 0
  serializedVersion: 2
  m_Modification:
    m_TransformParent: {fileID: 9141684440511581569}
    m_Modifications:
    - target: {fileID: 481636, guid: 5bad3bfa14ca03549852bc34961b1515, type: 3}
      propertyPath: m_RootOrder
      value: 2
      objectReference: {fileID: 0}
    - target: {fileID: 481636, guid: 5bad3bfa14ca03549852bc34961b1515, type: 3}
      propertyPath: m_LocalPosition.x
      value: 0
      objectReference: {fileID: 0}
    - target: {fileID: 481636, guid: 5bad3bfa14ca03549852bc34961b1515, type: 3}
      propertyPath: m_LocalPosition.y
      value: 3.5
      objectReference: {fileID: 0}
    - target: {fileID: 481636, guid: 5bad3bfa14ca03549852bc34961b1515, type: 3}
      propertyPath: m_LocalPosition.z
      value: 0
      objectReference: {fileID: 0}
    - target: {fileID: 481636, guid: 5bad3bfa14ca03549852bc34961b1515, type: 3}
      propertyPath: m_LocalRotation.w
      value: 1
      objectReference: {fileID: 0}
    - target: {fileID: 481636, guid: 5bad3bfa14ca03549852bc34961b1515, type: 3}
      propertyPath: m_LocalRotation.x
      value: 0
      objectReference: {fileID: 0}
    - target: {fileID: 481636, guid: 5bad3bfa14ca03549852bc34961b1515, type: 3}
      propertyPath: m_LocalRotation.y
      value: 0
      objectReference: {fileID: 0}
    - target: {fileID: 481636, guid: 5bad3bfa14ca03549852bc34961b1515, type: 3}
      propertyPath: m_LocalRotation.z
      value: 0
      objectReference: {fileID: 0}
    - target: {fileID: 2361866, guid: 5bad3bfa14ca03549852bc34961b1515, type: 3}
      propertyPath: m_Materials.Array.data[0]
      value: 
      objectReference: {fileID: 2100000, guid: ee5d59fcc8497a641905c26644c20880, type: 2}
    m_RemovedComponents: []
  m_SourcePrefab: {fileID: 100100000, guid: 5bad3bfa14ca03549852bc34961b1515, type: 3}
--- !u!1001 &5771232361421329783
PrefabInstance:
  m_ObjectHideFlags: 0
  serializedVersion: 2
  m_Modification:
    m_TransformParent: {fileID: 6043222064926661784}
    m_Modifications:
    - target: {fileID: 130748, guid: c4dc818a3d0107c43a6ad73bdfca8766, type: 3}
      propertyPath: m_Name
      value: Burger
      objectReference: {fileID: 0}
    - target: {fileID: 414978, guid: c4dc818a3d0107c43a6ad73bdfca8766, type: 3}
      propertyPath: m_RootOrder
      value: 0
      objectReference: {fileID: 0}
    - target: {fileID: 414978, guid: c4dc818a3d0107c43a6ad73bdfca8766, type: 3}
      propertyPath: m_LocalScale.x
      value: 3
      objectReference: {fileID: 0}
    - target: {fileID: 414978, guid: c4dc818a3d0107c43a6ad73bdfca8766, type: 3}
      propertyPath: m_LocalScale.y
      value: 3
      objectReference: {fileID: 0}
    - target: {fileID: 414978, guid: c4dc818a3d0107c43a6ad73bdfca8766, type: 3}
      propertyPath: m_LocalScale.z
      value: 3
      objectReference: {fileID: 0}
    - target: {fileID: 414978, guid: c4dc818a3d0107c43a6ad73bdfca8766, type: 3}
      propertyPath: m_LocalPosition.x
      value: 0.93489075
      objectReference: {fileID: 0}
    - target: {fileID: 414978, guid: c4dc818a3d0107c43a6ad73bdfca8766, type: 3}
      propertyPath: m_LocalPosition.y
      value: 20.878521
      objectReference: {fileID: 0}
    - target: {fileID: 414978, guid: c4dc818a3d0107c43a6ad73bdfca8766, type: 3}
      propertyPath: m_LocalPosition.z
      value: -16.170044
      objectReference: {fileID: 0}
    - target: {fileID: 414978, guid: c4dc818a3d0107c43a6ad73bdfca8766, type: 3}
      propertyPath: m_LocalRotation.w
      value: 0.90820426
      objectReference: {fileID: 0}
    - target: {fileID: 414978, guid: c4dc818a3d0107c43a6ad73bdfca8766, type: 3}
      propertyPath: m_LocalRotation.x
      value: -0.26290482
      objectReference: {fileID: 0}
    - target: {fileID: 414978, guid: c4dc818a3d0107c43a6ad73bdfca8766, type: 3}
      propertyPath: m_LocalRotation.y
      value: -0.32556757
      objectReference: {fileID: 0}
    - target: {fileID: 414978, guid: c4dc818a3d0107c43a6ad73bdfca8766, type: 3}
      propertyPath: m_LocalRotation.z
      value: -0.0072045857
      objectReference: {fileID: 0}
    - target: {fileID: 414978, guid: c4dc818a3d0107c43a6ad73bdfca8766, type: 3}
      propertyPath: m_LocalEulerAnglesHint.x
      value: -28.831
      objectReference: {fileID: 0}
    - target: {fileID: 414978, guid: c4dc818a3d0107c43a6ad73bdfca8766, type: 3}
      propertyPath: m_LocalEulerAnglesHint.y
      value: -42.122
      objectReference: {fileID: 0}
    - target: {fileID: 414978, guid: c4dc818a3d0107c43a6ad73bdfca8766, type: 3}
      propertyPath: m_LocalEulerAnglesHint.z
      value: 10.397
      objectReference: {fileID: 0}
    m_RemovedComponents: []
  m_SourcePrefab: {fileID: 100100000, guid: c4dc818a3d0107c43a6ad73bdfca8766, type: 3}
--- !u!4 &5771232361421701237 stripped
Transform:
  m_CorrespondingSourceObject: {fileID: 414978, guid: c4dc818a3d0107c43a6ad73bdfca8766, type: 3}
  m_PrefabInstance: {fileID: 5771232361421329783}
  m_PrefabAsset: {fileID: 0}
--- !u!1001 &5836819024781789285
PrefabInstance:
  m_ObjectHideFlags: 0
  serializedVersion: 2
  m_Modification:
    m_TransformParent: {fileID: 6043222064926661784}
    m_Modifications:
    - target: {fileID: 130748, guid: c4dc818a3d0107c43a6ad73bdfca8766, type: 3}
      propertyPath: m_Name
      value: Burger (1)
      objectReference: {fileID: 0}
    - target: {fileID: 414978, guid: c4dc818a3d0107c43a6ad73bdfca8766, type: 3}
      propertyPath: m_RootOrder
      value: 2
      objectReference: {fileID: 0}
    - target: {fileID: 414978, guid: c4dc818a3d0107c43a6ad73bdfca8766, type: 3}
      propertyPath: m_LocalScale.x
      value: 3
      objectReference: {fileID: 0}
    - target: {fileID: 414978, guid: c4dc818a3d0107c43a6ad73bdfca8766, type: 3}
      propertyPath: m_LocalScale.y
      value: 3
      objectReference: {fileID: 0}
    - target: {fileID: 414978, guid: c4dc818a3d0107c43a6ad73bdfca8766, type: 3}
      propertyPath: m_LocalScale.z
      value: 3
      objectReference: {fileID: 0}
    - target: {fileID: 414978, guid: c4dc818a3d0107c43a6ad73bdfca8766, type: 3}
      propertyPath: m_LocalPosition.x
      value: -18.56511
      objectReference: {fileID: 0}
    - target: {fileID: 414978, guid: c4dc818a3d0107c43a6ad73bdfca8766, type: 3}
      propertyPath: m_LocalPosition.y
      value: 33.87852
      objectReference: {fileID: 0}
    - target: {fileID: 414978, guid: c4dc818a3d0107c43a6ad73bdfca8766, type: 3}
      propertyPath: m_LocalPosition.z
      value: -9.170044
      objectReference: {fileID: 0}
    - target: {fileID: 414978, guid: c4dc818a3d0107c43a6ad73bdfca8766, type: 3}
      propertyPath: m_LocalRotation.w
      value: 0.93722105
      objectReference: {fileID: 0}
    - target: {fileID: 414978, guid: c4dc818a3d0107c43a6ad73bdfca8766, type: 3}
      propertyPath: m_LocalRotation.x
      value: -0.1247821
      objectReference: {fileID: 0}
    - target: {fileID: 414978, guid: c4dc818a3d0107c43a6ad73bdfca8766, type: 3}
      propertyPath: m_LocalRotation.y
      value: -0.3208678
      objectReference: {fileID: 0}
    - target: {fileID: 414978, guid: c4dc818a3d0107c43a6ad73bdfca8766, type: 3}
      propertyPath: m_LocalRotation.z
      value: -0.055587694
      objectReference: {fileID: 0}
    - target: {fileID: 414978, guid: c4dc818a3d0107c43a6ad73bdfca8766, type: 3}
      propertyPath: m_LocalEulerAnglesHint.x
      value: -15.639
      objectReference: {fileID: 0}
    - target: {fileID: 414978, guid: c4dc818a3d0107c43a6ad73bdfca8766, type: 3}
      propertyPath: m_LocalEulerAnglesHint.y
      value: -37.601
      objectReference: {fileID: 0}
    - target: {fileID: 414978, guid: c4dc818a3d0107c43a6ad73bdfca8766, type: 3}
      propertyPath: m_LocalEulerAnglesHint.z
      value: -1.435
      objectReference: {fileID: 0}
    m_RemovedComponents: []
  m_SourcePrefab: {fileID: 100100000, guid: c4dc818a3d0107c43a6ad73bdfca8766, type: 3}
--- !u!4 &5836819024781647207 stripped
Transform:
  m_CorrespondingSourceObject: {fileID: 414978, guid: c4dc818a3d0107c43a6ad73bdfca8766, type: 3}
  m_PrefabInstance: {fileID: 5836819024781789285}
  m_PrefabAsset: {fileID: 0}
--- !u!1001 &7288454080965818879
PrefabInstance:
  m_ObjectHideFlags: 0
  serializedVersion: 2
  m_Modification:
    m_TransformParent: {fileID: 6043222064926661784}
    m_Modifications:
    - target: {fileID: 130748, guid: c4dc818a3d0107c43a6ad73bdfca8766, type: 3}
      propertyPath: m_Name
      value: Burger (3)
      objectReference: {fileID: 0}
    - target: {fileID: 414978, guid: c4dc818a3d0107c43a6ad73bdfca8766, type: 3}
      propertyPath: m_RootOrder
      value: 4
      objectReference: {fileID: 0}
    - target: {fileID: 414978, guid: c4dc818a3d0107c43a6ad73bdfca8766, type: 3}
      propertyPath: m_LocalScale.x
      value: 8
      objectReference: {fileID: 0}
    - target: {fileID: 414978, guid: c4dc818a3d0107c43a6ad73bdfca8766, type: 3}
      propertyPath: m_LocalScale.y
      value: 8
      objectReference: {fileID: 0}
    - target: {fileID: 414978, guid: c4dc818a3d0107c43a6ad73bdfca8766, type: 3}
      propertyPath: m_LocalScale.z
      value: 8
      objectReference: {fileID: 0}
    - target: {fileID: 414978, guid: c4dc818a3d0107c43a6ad73bdfca8766, type: 3}
      propertyPath: m_LocalPosition.x
      value: -7.5651093
      objectReference: {fileID: 0}
    - target: {fileID: 414978, guid: c4dc818a3d0107c43a6ad73bdfca8766, type: 3}
      propertyPath: m_LocalPosition.y
      value: 60.87852
      objectReference: {fileID: 0}
    - target: {fileID: 414978, guid: c4dc818a3d0107c43a6ad73bdfca8766, type: 3}
      propertyPath: m_LocalPosition.z
      value: -6.670044
      objectReference: {fileID: 0}
    - target: {fileID: 414978, guid: c4dc818a3d0107c43a6ad73bdfca8766, type: 3}
      propertyPath: m_LocalRotation.w
      value: 0.9356536
      objectReference: {fileID: 0}
    - target: {fileID: 414978, guid: c4dc818a3d0107c43a6ad73bdfca8766, type: 3}
      propertyPath: m_LocalRotation.x
      value: -0.07811081
      objectReference: {fileID: 0}
    - target: {fileID: 414978, guid: c4dc818a3d0107c43a6ad73bdfca8766, type: 3}
      propertyPath: m_LocalRotation.y
      value: -0.33529913
      objectReference: {fileID: 0}
    - target: {fileID: 414978, guid: c4dc818a3d0107c43a6ad73bdfca8766, type: 3}
      propertyPath: m_LocalRotation.z
      value: 0.077624656
      objectReference: {fileID: 0}
    - target: {fileID: 414978, guid: c4dc818a3d0107c43a6ad73bdfca8766, type: 3}
      propertyPath: m_LocalEulerAnglesHint.x
      value: -5.4
      objectReference: {fileID: 0}
    - target: {fileID: 414978, guid: c4dc818a3d0107c43a6ad73bdfca8766, type: 3}
      propertyPath: m_LocalEulerAnglesHint.y
      value: -39.973
      objectReference: {fileID: 0}
    - target: {fileID: 414978, guid: c4dc818a3d0107c43a6ad73bdfca8766, type: 3}
      propertyPath: m_LocalEulerAnglesHint.z
      value: 11.451
      objectReference: {fileID: 0}
    m_RemovedComponents: []
  m_SourcePrefab: {fileID: 100100000, guid: c4dc818a3d0107c43a6ad73bdfca8766, type: 3}
--- !u!4 &7288454080965438717 stripped
Transform:
  m_CorrespondingSourceObject: {fileID: 414978, guid: c4dc818a3d0107c43a6ad73bdfca8766, type: 3}
  m_PrefabInstance: {fileID: 7288454080965818879}
  m_PrefabAsset: {fileID: 0}
--- !u!1001 &8263253778109865213
PrefabInstance:
  m_ObjectHideFlags: 0
  serializedVersion: 2
  m_Modification:
    m_TransformParent: {fileID: 9141684440511581569}
    m_Modifications:
    - target: {fileID: 111276, guid: 8e6be04d8370d1c4fa754d22592984f1, type: 3}
      propertyPath: m_Name
      value: SM_Bld_OfficeSquare_Roof_07
      objectReference: {fileID: 0}
    - target: {fileID: 479420, guid: 8e6be04d8370d1c4fa754d22592984f1, type: 3}
      propertyPath: m_RootOrder
      value: 8
      objectReference: {fileID: 0}
    - target: {fileID: 479420, guid: 8e6be04d8370d1c4fa754d22592984f1, type: 3}
      propertyPath: m_LocalPosition.x
      value: 0
      objectReference: {fileID: 0}
    - target: {fileID: 479420, guid: 8e6be04d8370d1c4fa754d22592984f1, type: 3}
      propertyPath: m_LocalPosition.y
      value: 39
      objectReference: {fileID: 0}
    - target: {fileID: 479420, guid: 8e6be04d8370d1c4fa754d22592984f1, type: 3}
      propertyPath: m_LocalPosition.z
      value: 0
      objectReference: {fileID: 0}
    - target: {fileID: 479420, guid: 8e6be04d8370d1c4fa754d22592984f1, type: 3}
      propertyPath: m_LocalRotation.w
      value: 1
      objectReference: {fileID: 0}
    - target: {fileID: 479420, guid: 8e6be04d8370d1c4fa754d22592984f1, type: 3}
      propertyPath: m_LocalRotation.x
      value: 0
      objectReference: {fileID: 0}
    - target: {fileID: 479420, guid: 8e6be04d8370d1c4fa754d22592984f1, type: 3}
      propertyPath: m_LocalRotation.y
      value: 0
      objectReference: {fileID: 0}
    - target: {fileID: 479420, guid: 8e6be04d8370d1c4fa754d22592984f1, type: 3}
      propertyPath: m_LocalRotation.z
      value: 0
      objectReference: {fileID: 0}
    - target: {fileID: 2359360, guid: 8e6be04d8370d1c4fa754d22592984f1, type: 3}
      propertyPath: m_Materials.Array.data[0]
      value: 
      objectReference: {fileID: 2100000, guid: ee5d59fcc8497a641905c26644c20880, type: 2}
    m_RemovedComponents: []
  m_SourcePrefab: {fileID: 100100000, guid: 8e6be04d8370d1c4fa754d22592984f1, type: 3}
--- !u!1001 &8324899682396337572
PrefabInstance:
  m_ObjectHideFlags: 0
  serializedVersion: 2
  m_Modification:
    m_TransformParent: {fileID: 9141684440511581569}
    m_Modifications:
    - target: {fileID: 121088, guid: 5bad3bfa14ca03549852bc34961b1515, type: 3}
      propertyPath: m_Name
      value: SM_Bld_OfficeSquare_05
      objectReference: {fileID: 0}
    - target: {fileID: 481636, guid: 5bad3bfa14ca03549852bc34961b1515, type: 3}
      propertyPath: m_RootOrder
      value: 7
      objectReference: {fileID: 0}
    - target: {fileID: 481636, guid: 5bad3bfa14ca03549852bc34961b1515, type: 3}
      propertyPath: m_LocalPosition.x
      value: 0
      objectReference: {fileID: 0}
    - target: {fileID: 481636, guid: 5bad3bfa14ca03549852bc34961b1515, type: 3}
      propertyPath: m_LocalPosition.y
      value: 30.499998
      objectReference: {fileID: 0}
    - target: {fileID: 481636, guid: 5bad3bfa14ca03549852bc34961b1515, type: 3}
      propertyPath: m_LocalPosition.z
      value: 0
      objectReference: {fileID: 0}
    - target: {fileID: 481636, guid: 5bad3bfa14ca03549852bc34961b1515, type: 3}
      propertyPath: m_LocalRotation.w
      value: 1
      objectReference: {fileID: 0}
    - target: {fileID: 481636, guid: 5bad3bfa14ca03549852bc34961b1515, type: 3}
      propertyPath: m_LocalRotation.x
      value: 0
      objectReference: {fileID: 0}
    - target: {fileID: 481636, guid: 5bad3bfa14ca03549852bc34961b1515, type: 3}
      propertyPath: m_LocalRotation.y
      value: 0
      objectReference: {fileID: 0}
    - target: {fileID: 481636, guid: 5bad3bfa14ca03549852bc34961b1515, type: 3}
      propertyPath: m_LocalRotation.z
      value: 0
      objectReference: {fileID: 0}
    - target: {fileID: 2361866, guid: 5bad3bfa14ca03549852bc34961b1515, type: 3}
      propertyPath: m_Materials.Array.data[0]
      value: 
      objectReference: {fileID: 2100000, guid: ee5d59fcc8497a641905c26644c20880, type: 2}
    m_RemovedComponents: []
  m_SourcePrefab: {fileID: 100100000, guid: 5bad3bfa14ca03549852bc34961b1515, type: 3}
--- !u!1001 &9141684440511988435
PrefabInstance:
  m_ObjectHideFlags: 0
  serializedVersion: 2
  m_Modification:
    m_TransformParent: {fileID: 6043222064926661784}
    m_Modifications:
    - target: {fileID: 148902, guid: e2b1e7ce58c743c4d8d59a66eec6422b, type: 3}
      propertyPath: m_Name
      value: Office
      objectReference: {fileID: 0}
    - target: {fileID: 413522, guid: e2b1e7ce58c743c4d8d59a66eec6422b, type: 3}
      propertyPath: m_RootOrder
      value: 1
      objectReference: {fileID: 0}
    - target: {fileID: 413522, guid: e2b1e7ce58c743c4d8d59a66eec6422b, type: 3}
      propertyPath: m_LocalPosition.x
      value: 0
      objectReference: {fileID: 0}
    - target: {fileID: 413522, guid: e2b1e7ce58c743c4d8d59a66eec6422b, type: 3}
      propertyPath: m_LocalPosition.y
      value: 0
      objectReference: {fileID: 0}
    - target: {fileID: 413522, guid: e2b1e7ce58c743c4d8d59a66eec6422b, type: 3}
      propertyPath: m_LocalPosition.z
      value: 0
      objectReference: {fileID: 0}
    - target: {fileID: 413522, guid: e2b1e7ce58c743c4d8d59a66eec6422b, type: 3}
      propertyPath: m_LocalRotation.w
      value: 1
      objectReference: {fileID: 0}
    - target: {fileID: 413522, guid: e2b1e7ce58c743c4d8d59a66eec6422b, type: 3}
      propertyPath: m_LocalRotation.x
      value: 0
      objectReference: {fileID: 0}
    - target: {fileID: 413522, guid: e2b1e7ce58c743c4d8d59a66eec6422b, type: 3}
      propertyPath: m_LocalRotation.y
      value: 0
      objectReference: {fileID: 0}
    - target: {fileID: 413522, guid: e2b1e7ce58c743c4d8d59a66eec6422b, type: 3}
      propertyPath: m_LocalRotation.z
      value: 0
      objectReference: {fileID: 0}
    - target: {fileID: 2324128, guid: e2b1e7ce58c743c4d8d59a66eec6422b, type: 3}
      propertyPath: m_Materials.Array.data[0]
      value: 
      objectReference: {fileID: 2100000, guid: ee5d59fcc8497a641905c26644c20880, type: 2}
    - target: {fileID: 2367790, guid: e2b1e7ce58c743c4d8d59a66eec6422b, type: 3}
      propertyPath: m_Materials.Array.data[0]
      value: 
      objectReference: {fileID: 2100000, guid: c29d9dff2056b1543bbb70ec32427a62, type: 2}
    m_RemovedComponents: []
  m_SourcePrefab: {fileID: 100100000, guid: e2b1e7ce58c743c4d8d59a66eec6422b, type: 3}
--- !u!4 &9141684440511581569 stripped
Transform:
  m_CorrespondingSourceObject: {fileID: 413522, guid: e2b1e7ce58c743c4d8d59a66eec6422b, type: 3}
  m_PrefabInstance: {fileID: 9141684440511988435}
  m_PrefabAsset: {fileID: 0}
