%YAML 1.1
%TAG !u! tag:unity3d.com,2011:
--- !u!1 &6365397693544074818
GameObject:
  m_ObjectHideFlags: 0
  m_CorrespondingSourceObject: {fileID: 0}
  m_PrefabInstance: {fileID: 0}
  m_PrefabAsset: {fileID: 0}
  serializedVersion: 6
  m_Component:
  - component: {fileID: 2481367544849016855}
  m_Layer: 0
  m_Name: SmallBuilding4
  m_TagString: Untagged
  m_Icon: {fileID: 0}
  m_NavMeshLayer: 0
  m_StaticEditorFlags: 0
  m_IsActive: 1
--- !u!4 &2481367544849016855
Transform:
  m_ObjectHideFlags: 0
  m_CorrespondingSourceObject: {fileID: 0}
  m_PrefabInstance: {fileID: 0}
  m_PrefabAsset: {fileID: 0}
  m_GameObject: {fileID: 6365397693544074818}
  m_LocalRotation: {x: 0, y: 0, z: 0, w: 1}
  m_LocalPosition: {x: 0, y: 0, z: 0}
  m_LocalScale: {x: 1, y: 1, z: 1}
  m_Children:
  - {fileID: 4496726288119381731}
  - {fileID: 6150442331310660112}
  - {fileID: 5943141435980067897}
  - {fileID: 8476469525975668900}
  - {fileID: 4603240491289928501}
  - {fileID: 3511169978610748871}
  - {fileID: 2734771912639001254}
  - {fileID: 1206477496969583895}
  - {fileID: 6130295131922051407}
  - {fileID: 4066760916818928732}
  - {fileID: 1724493697768586939}
  - {fileID: 7423188153176277727}
  - {fileID: 3863438096265894987}
  - {fileID: 1349679157713201540}
  - {fileID: 2383037833184644988}
  - {fileID: 4242963416790639319}
  - {fileID: 1556531017183879915}
  - {fileID: 6267570807517471054}
  - {fileID: 4575312500798572210}
  - {fileID: 1577161842285786439}
  - {fileID: 575191808700334930}
  - {fileID: 7923260169556184907}
  - {fileID: 2569837222191935202}
  - {fileID: 7486592630784192431}
  - {fileID: 585764978645645823}
  - {fileID: 2820275980742902332}
  - {fileID: 8011300644396384948}
  - {fileID: 5582512797283019165}
  - {fileID: 1062536605820818903}
  m_Father: {fileID: 0}
  m_RootOrder: 0
  m_LocalEulerAnglesHint: {x: 0, y: 0, z: 0}
--- !u!1001 &575191808700230914
PrefabInstance:
  m_ObjectHideFlags: 0
  serializedVersion: 2
  m_Modification:
    m_TransformParent: {fileID: 2481367544849016855}
    m_Modifications:
    - target: {fileID: 194954, guid: 015249c005381134e896458eb3ed0bb1, type: 3}
      propertyPath: m_Name
      value: SM_Prop_Aircon_113 (1)
      objectReference: {fileID: 0}
    - target: {fileID: 454224, guid: 015249c005381134e896458eb3ed0bb1, type: 3}
      propertyPath: m_RootOrder
      value: 20
      objectReference: {fileID: 0}
    - target: {fileID: 454224, guid: 015249c005381134e896458eb3ed0bb1, type: 3}
      propertyPath: m_LocalPosition.x
      value: 0.6800003
      objectReference: {fileID: 0}
    - target: {fileID: 454224, guid: 015249c005381134e896458eb3ed0bb1, type: 3}
      propertyPath: m_LocalPosition.y
      value: 10.133688
      objectReference: {fileID: 0}
    - target: {fileID: 454224, guid: 015249c005381134e896458eb3ed0bb1, type: 3}
      propertyPath: m_LocalPosition.z
      value: 4.700001
      objectReference: {fileID: 0}
    - target: {fileID: 454224, guid: 015249c005381134e896458eb3ed0bb1, type: 3}
      propertyPath: m_LocalRotation.w
      value: 1
      objectReference: {fileID: 0}
    - target: {fileID: 454224, guid: 015249c005381134e896458eb3ed0bb1, type: 3}
      propertyPath: m_LocalRotation.x
      value: -0
      objectReference: {fileID: 0}
    - target: {fileID: 454224, guid: 015249c005381134e896458eb3ed0bb1, type: 3}
      propertyPath: m_LocalRotation.y
      value: -0.000000029802319
      objectReference: {fileID: 0}
    - target: {fileID: 454224, guid: 015249c005381134e896458eb3ed0bb1, type: 3}
      propertyPath: m_LocalRotation.z
      value: -0
      objectReference: {fileID: 0}
    m_RemovedComponents: []
  m_SourcePrefab: {fileID: 100100000, guid: 015249c005381134e896458eb3ed0bb1, type: 3}
--- !u!4 &575191808700334930 stripped
Transform:
  m_CorrespondingSourceObject: {fileID: 454224, guid: 015249c005381134e896458eb3ed0bb1, type: 3}
  m_PrefabInstance: {fileID: 575191808700230914}
  m_PrefabAsset: {fileID: 0}
--- !u!1001 &585764978645977473
PrefabInstance:
  m_ObjectHideFlags: 0
  serializedVersion: 2
  m_Modification:
    m_TransformParent: {fileID: 2481367544849016855}
    m_Modifications:
    - target: {fileID: 180320, guid: 0c535ed1fa2fdad4593c4e6c8997762c, type: 3}
      propertyPath: m_Name
      value: SM_Bld_Apartment_Roof_Corner_03 (1)
      objectReference: {fileID: 0}
    - target: {fileID: 487550, guid: 0c535ed1fa2fdad4593c4e6c8997762c, type: 3}
      propertyPath: m_RootOrder
      value: 24
      objectReference: {fileID: 0}
    - target: {fileID: 487550, guid: 0c535ed1fa2fdad4593c4e6c8997762c, type: 3}
      propertyPath: m_LocalPosition.x
      value: -5.0200005
      objectReference: {fileID: 0}
    - target: {fileID: 487550, guid: 0c535ed1fa2fdad4593c4e6c8997762c, type: 3}
      propertyPath: m_LocalPosition.y
      value: 12.533688
      objectReference: {fileID: 0}
    - target: {fileID: 487550, guid: 0c535ed1fa2fdad4593c4e6c8997762c, type: 3}
      propertyPath: m_LocalPosition.z
      value: 4.9900017
      objectReference: {fileID: 0}
    - target: {fileID: 487550, guid: 0c535ed1fa2fdad4593c4e6c8997762c, type: 3}
      propertyPath: m_LocalRotation.w
      value: 0.70710695
      objectReference: {fileID: 0}
    - target: {fileID: 487550, guid: 0c535ed1fa2fdad4593c4e6c8997762c, type: 3}
      propertyPath: m_LocalRotation.x
      value: -0
      objectReference: {fileID: 0}
    - target: {fileID: 487550, guid: 0c535ed1fa2fdad4593c4e6c8997762c, type: 3}
      propertyPath: m_LocalRotation.y
      value: -0.70710665
      objectReference: {fileID: 0}
    - target: {fileID: 487550, guid: 0c535ed1fa2fdad4593c4e6c8997762c, type: 3}
      propertyPath: m_LocalRotation.z
      value: -0
      objectReference: {fileID: 0}
    m_RemovedComponents: []
  m_SourcePrefab: {fileID: 100100000, guid: 0c535ed1fa2fdad4593c4e6c8997762c, type: 3}
--- !u!4 &585764978645645823 stripped
Transform:
  m_CorrespondingSourceObject: {fileID: 487550, guid: 0c535ed1fa2fdad4593c4e6c8997762c, type: 3}
  m_PrefabInstance: {fileID: 585764978645977473}
  m_PrefabAsset: {fileID: 0}
--- !u!1001 &1062536605820752961
PrefabInstance:
  m_ObjectHideFlags: 0
  serializedVersion: 2
  m_Modification:
    m_TransformParent: {fileID: 2481367544849016855}
    m_Modifications:
    - target: {fileID: 191440, guid: 530c04ec7ccbeec44b8c9e6f3c681679, type: 3}
      propertyPath: m_Name
      value: SM_Bld_FireEscape_60 (1)
      objectReference: {fileID: 0}
    - target: {fileID: 459158, guid: 530c04ec7ccbeec44b8c9e6f3c681679, type: 3}
      propertyPath: m_RootOrder
      value: 28
      objectReference: {fileID: 0}
    - target: {fileID: 459158, guid: 530c04ec7ccbeec44b8c9e6f3c681679, type: 3}
      propertyPath: m_LocalPosition.x
      value: 0
      objectReference: {fileID: 0}
    - target: {fileID: 459158, guid: 530c04ec7ccbeec44b8c9e6f3c681679, type: 3}
      propertyPath: m_LocalPosition.y
      value: 6.433688
      objectReference: {fileID: 0}
    - target: {fileID: 459158, guid: 530c04ec7ccbeec44b8c9e6f3c681679, type: 3}
      propertyPath: m_LocalPosition.z
      value: 5
      objectReference: {fileID: 0}
    - target: {fileID: 459158, guid: 530c04ec7ccbeec44b8c9e6f3c681679, type: 3}
      propertyPath: m_LocalRotation.w
      value: 1
      objectReference: {fileID: 0}
    - target: {fileID: 459158, guid: 530c04ec7ccbeec44b8c9e6f3c681679, type: 3}
      propertyPath: m_LocalRotation.x
      value: -0
      objectReference: {fileID: 0}
    - target: {fileID: 459158, guid: 530c04ec7ccbeec44b8c9e6f3c681679, type: 3}
      propertyPath: m_LocalRotation.y
      value: -0
      objectReference: {fileID: 0}
    - target: {fileID: 459158, guid: 530c04ec7ccbeec44b8c9e6f3c681679, type: 3}
      propertyPath: m_LocalRotation.z
      value: -0
      objectReference: {fileID: 0}
    m_RemovedComponents: []
  m_SourcePrefab: {fileID: 100100000, guid: 530c04ec7ccbeec44b8c9e6f3c681679, type: 3}
--- !u!4 &1062536605820818903 stripped
Transform:
  m_CorrespondingSourceObject: {fileID: 459158, guid: 530c04ec7ccbeec44b8c9e6f3c681679, type: 3}
  m_PrefabInstance: {fileID: 1062536605820752961}
  m_PrefabAsset: {fileID: 0}
--- !u!1001 &1206477496969176635
PrefabInstance:
  m_ObjectHideFlags: 0
  serializedVersion: 2
  m_Modification:
    m_TransformParent: {fileID: 2481367544849016855}
    m_Modifications:
    - target: {fileID: 149448, guid: 16dd2e2d30bf97a4282b745980e24bd8, type: 3}
      propertyPath: m_Name
      value: SM_Prop_PlanterWindow_58 (1)
      objectReference: {fileID: 0}
    - target: {fileID: 424748, guid: 16dd2e2d30bf97a4282b745980e24bd8, type: 3}
      propertyPath: m_RootOrder
      value: 7
      objectReference: {fileID: 0}
    - target: {fileID: 424748, guid: 16dd2e2d30bf97a4282b745980e24bd8, type: 3}
      propertyPath: m_LocalPosition.x
      value: 4.3199997
      objectReference: {fileID: 0}
    - target: {fileID: 424748, guid: 16dd2e2d30bf97a4282b745980e24bd8, type: 3}
      propertyPath: m_LocalPosition.y
      value: 4.1236877
      objectReference: {fileID: 0}
    - target: {fileID: 424748, guid: 16dd2e2d30bf97a4282b745980e24bd8, type: 3}
      propertyPath: m_LocalPosition.z
      value: -4.999996
      objectReference: {fileID: 0}
    - target: {fileID: 424748, guid: 16dd2e2d30bf97a4282b745980e24bd8, type: 3}
      propertyPath: m_LocalRotation.w
      value: 0.0000004172325
      objectReference: {fileID: 0}
    - target: {fileID: 424748, guid: 16dd2e2d30bf97a4282b745980e24bd8, type: 3}
      propertyPath: m_LocalRotation.x
      value: -0
      objectReference: {fileID: 0}
    - target: {fileID: 424748, guid: 16dd2e2d30bf97a4282b745980e24bd8, type: 3}
      propertyPath: m_LocalRotation.y
      value: 1
      objectReference: {fileID: 0}
    - target: {fileID: 424748, guid: 16dd2e2d30bf97a4282b745980e24bd8, type: 3}
      propertyPath: m_LocalRotation.z
      value: -0
      objectReference: {fileID: 0}
    m_RemovedComponents: []
  m_SourcePrefab: {fileID: 100100000, guid: 16dd2e2d30bf97a4282b745980e24bd8, type: 3}
--- !u!4 &1206477496969583895 stripped
Transform:
  m_CorrespondingSourceObject: {fileID: 424748, guid: 16dd2e2d30bf97a4282b745980e24bd8, type: 3}
  m_PrefabInstance: {fileID: 1206477496969176635}
  m_PrefabAsset: {fileID: 0}
--- !u!1001 &1349679157712816084
PrefabInstance:
  m_ObjectHideFlags: 0
  serializedVersion: 2
  m_Modification:
    m_TransformParent: {fileID: 2481367544849016855}
    m_Modifications:
    - target: {fileID: 194954, guid: 015249c005381134e896458eb3ed0bb1, type: 3}
      propertyPath: m_Name
      value: SM_Prop_Aircon_122 (1)
      objectReference: {fileID: 0}
    - target: {fileID: 454224, guid: 015249c005381134e896458eb3ed0bb1, type: 3}
      propertyPath: m_RootOrder
      value: 13
      objectReference: {fileID: 0}
    - target: {fileID: 454224, guid: 015249c005381134e896458eb3ed0bb1, type: 3}
      propertyPath: m_LocalPosition.x
      value: 0.6000023
      objectReference: {fileID: 0}
    - target: {fileID: 454224, guid: 015249c005381134e896458eb3ed0bb1, type: 3}
      propertyPath: m_LocalPosition.y
      value: 7.153688
      objectReference: {fileID: 0}
    - target: {fileID: 454224, guid: 015249c005381134e896458eb3ed0bb1, type: 3}
      propertyPath: m_LocalPosition.z
      value: -4.700001
      objectReference: {fileID: 0}
    - target: {fileID: 454224, guid: 015249c005381134e896458eb3ed0bb1, type: 3}
      propertyPath: m_LocalRotation.w
      value: 0.000001296401
      objectReference: {fileID: 0}
    - target: {fileID: 454224, guid: 015249c005381134e896458eb3ed0bb1, type: 3}
      propertyPath: m_LocalRotation.x
      value: -0
      objectReference: {fileID: 0}
    - target: {fileID: 454224, guid: 015249c005381134e896458eb3ed0bb1, type: 3}
      propertyPath: m_LocalRotation.y
      value: 1
      objectReference: {fileID: 0}
    - target: {fileID: 454224, guid: 015249c005381134e896458eb3ed0bb1, type: 3}
      propertyPath: m_LocalRotation.z
      value: -0
      objectReference: {fileID: 0}
    m_RemovedComponents: []
  m_SourcePrefab: {fileID: 100100000, guid: 015249c005381134e896458eb3ed0bb1, type: 3}
--- !u!4 &1349679157713201540 stripped
Transform:
  m_CorrespondingSourceObject: {fileID: 454224, guid: 015249c005381134e896458eb3ed0bb1, type: 3}
  m_PrefabInstance: {fileID: 1349679157712816084}
  m_PrefabAsset: {fileID: 0}
--- !u!1001 &1556531017183511693
PrefabInstance:
  m_ObjectHideFlags: 0
  serializedVersion: 2
  m_Modification:
    m_TransformParent: {fileID: 2481367544849016855}
    m_Modifications:
    - target: {fileID: 171906, guid: 295b7b7ec52815e41ba330f82ad49dde, type: 3}
      propertyPath: m_Name
      value: SM_Bld_Apartment_Door_21 (1)
      objectReference: {fileID: 0}
    - target: {fileID: 435814, guid: 295b7b7ec52815e41ba330f82ad49dde, type: 3}
      propertyPath: m_RootOrder
      value: 16
      objectReference: {fileID: 0}
    - target: {fileID: 435814, guid: 295b7b7ec52815e41ba330f82ad49dde, type: 3}
      propertyPath: m_LocalPosition.x
      value: -0.020000458
      objectReference: {fileID: 0}
    - target: {fileID: 435814, guid: 295b7b7ec52815e41ba330f82ad49dde, type: 3}
      propertyPath: m_LocalPosition.y
      value: 0.53368807
      objectReference: {fileID: 0}
    - target: {fileID: 435814, guid: 295b7b7ec52815e41ba330f82ad49dde, type: 3}
      propertyPath: m_LocalPosition.z
      value: 4.9900017
      objectReference: {fileID: 0}
    - target: {fileID: 435814, guid: 295b7b7ec52815e41ba330f82ad49dde, type: 3}
      propertyPath: m_LocalRotation.w
      value: 1
      objectReference: {fileID: 0}
    - target: {fileID: 435814, guid: 295b7b7ec52815e41ba330f82ad49dde, type: 3}
      propertyPath: m_LocalRotation.x
      value: -0
      objectReference: {fileID: 0}
    - target: {fileID: 435814, guid: 295b7b7ec52815e41ba330f82ad49dde, type: 3}
      propertyPath: m_LocalRotation.y
      value: -0
      objectReference: {fileID: 0}
    - target: {fileID: 435814, guid: 295b7b7ec52815e41ba330f82ad49dde, type: 3}
      propertyPath: m_LocalRotation.z
      value: -0
      objectReference: {fileID: 0}
    m_RemovedComponents: []
  m_SourcePrefab: {fileID: 100100000, guid: 295b7b7ec52815e41ba330f82ad49dde, type: 3}
--- !u!4 &1556531017183879915 stripped
Transform:
  m_CorrespondingSourceObject: {fileID: 435814, guid: 295b7b7ec52815e41ba330f82ad49dde, type: 3}
  m_PrefabInstance: {fileID: 1556531017183511693}
  m_PrefabAsset: {fileID: 0}
--- !u!1001 &1577161842285425497
PrefabInstance:
  m_ObjectHideFlags: 0
  serializedVersion: 2
  m_Modification:
    m_TransformParent: {fileID: 2481367544849016855}
    m_Modifications:
    - target: {fileID: 182348, guid: a2d22ce70dfdb254e9cf1a761853209a, type: 3}
      propertyPath: m_Name
      value: SM_Bld_Apartment_Stack_09 (1)
      objectReference: {fileID: 0}
    - target: {fileID: 493086, guid: a2d22ce70dfdb254e9cf1a761853209a, type: 3}
      propertyPath: m_RootOrder
      value: 19
      objectReference: {fileID: 0}
    - target: {fileID: 493086, guid: a2d22ce70dfdb254e9cf1a761853209a, type: 3}
      propertyPath: m_LocalPosition.x
      value: 4.8199997
      objectReference: {fileID: 0}
    - target: {fileID: 493086, guid: a2d22ce70dfdb254e9cf1a761853209a, type: 3}
      propertyPath: m_LocalPosition.y
      value: 3.533688
      objectReference: {fileID: 0}
    - target: {fileID: 493086, guid: a2d22ce70dfdb254e9cf1a761853209a, type: 3}
      propertyPath: m_LocalPosition.z
      value: 5.0000114
      objectReference: {fileID: 0}
    - target: {fileID: 493086, guid: a2d22ce70dfdb254e9cf1a761853209a, type: 3}
      propertyPath: m_LocalRotation.w
      value: 1
      objectReference: {fileID: 0}
    - target: {fileID: 493086, guid: a2d22ce70dfdb254e9cf1a761853209a, type: 3}
      propertyPath: m_LocalRotation.x
      value: -0
      objectReference: {fileID: 0}
    - target: {fileID: 493086, guid: a2d22ce70dfdb254e9cf1a761853209a, type: 3}
      propertyPath: m_LocalRotation.y
      value: -0
      objectReference: {fileID: 0}
    - target: {fileID: 493086, guid: a2d22ce70dfdb254e9cf1a761853209a, type: 3}
      propertyPath: m_LocalRotation.z
      value: -0
      objectReference: {fileID: 0}
    - target: {fileID: 2305222, guid: a2d22ce70dfdb254e9cf1a761853209a, type: 3}
      propertyPath: m_Materials.Array.data[0]
      value: 
      objectReference: {fileID: 2100000, guid: 49ef76ea47782eb4b93ac08b234fd6c3, type: 2}
    m_RemovedComponents: []
  m_SourcePrefab: {fileID: 100100000, guid: a2d22ce70dfdb254e9cf1a761853209a, type: 3}
--- !u!4 &1577161842285786439 stripped
Transform:
  m_CorrespondingSourceObject: {fileID: 493086, guid: a2d22ce70dfdb254e9cf1a761853209a, type: 3}
  m_PrefabInstance: {fileID: 1577161842285425497}
  m_PrefabAsset: {fileID: 0}
--- !u!1001 &1724493697768361987
PrefabInstance:
  m_ObjectHideFlags: 0
  serializedVersion: 2
  m_Modification:
    m_TransformParent: {fileID: 2481367544849016855}
    m_Modifications:
    - target: {fileID: 119452, guid: b307a3e7dc3e3ec409ff68b9cb1080ed, type: 3}
      propertyPath: m_Name
      value: SM_Prop_Roof_Aircon_34 (1)
      objectReference: {fileID: 0}
    - target: {fileID: 487096, guid: b307a3e7dc3e3ec409ff68b9cb1080ed, type: 3}
      propertyPath: m_RootOrder
      value: 10
      objectReference: {fileID: 0}
    - target: {fileID: 487096, guid: b307a3e7dc3e3ec409ff68b9cb1080ed, type: 3}
      propertyPath: m_LocalPosition.x
      value: 0.27999878
      objectReference: {fileID: 0}
    - target: {fileID: 487096, guid: b307a3e7dc3e3ec409ff68b9cb1080ed, type: 3}
      propertyPath: m_LocalPosition.y
      value: 12.933687
      objectReference: {fileID: 0}
    - target: {fileID: 487096, guid: b307a3e7dc3e3ec409ff68b9cb1080ed, type: 3}
      propertyPath: m_LocalPosition.z
      value: 0.70000076
      objectReference: {fileID: 0}
    - target: {fileID: 487096, guid: b307a3e7dc3e3ec409ff68b9cb1080ed, type: 3}
      propertyPath: m_LocalRotation.w
      value: 0.0000021755695
      objectReference: {fileID: 0}
    - target: {fileID: 487096, guid: b307a3e7dc3e3ec409ff68b9cb1080ed, type: 3}
      propertyPath: m_LocalRotation.x
      value: -0
      objectReference: {fileID: 0}
    - target: {fileID: 487096, guid: b307a3e7dc3e3ec409ff68b9cb1080ed, type: 3}
      propertyPath: m_LocalRotation.y
      value: 1
      objectReference: {fileID: 0}
    - target: {fileID: 487096, guid: b307a3e7dc3e3ec409ff68b9cb1080ed, type: 3}
      propertyPath: m_LocalRotation.z
      value: -0
      objectReference: {fileID: 0}
    m_RemovedComponents: []
  m_SourcePrefab: {fileID: 100100000, guid: b307a3e7dc3e3ec409ff68b9cb1080ed, type: 3}
--- !u!4 &1724493697768586939 stripped
Transform:
  m_CorrespondingSourceObject: {fileID: 487096, guid: b307a3e7dc3e3ec409ff68b9cb1080ed, type: 3}
  m_PrefabInstance: {fileID: 1724493697768361987}
  m_PrefabAsset: {fileID: 0}
--- !u!1001 &2383037833185031490
PrefabInstance:
  m_ObjectHideFlags: 0
  serializedVersion: 2
  m_Modification:
    m_TransformParent: {fileID: 2481367544849016855}
    m_Modifications:
    - target: {fileID: 186654, guid: 0e83389f2726cec4b805919daeccf2f6, type: 3}
      propertyPath: m_Name
      value: SM_Bld_FireEscape_61 (1)
      objectReference: {fileID: 0}
    - target: {fileID: 457278, guid: 0e83389f2726cec4b805919daeccf2f6, type: 3}
      propertyPath: m_RootOrder
      value: 14
      objectReference: {fileID: 0}
    - target: {fileID: 457278, guid: 0e83389f2726cec4b805919daeccf2f6, type: 3}
      propertyPath: m_LocalPosition.x
      value: -0.0000003874302
      objectReference: {fileID: 0}
    - target: {fileID: 457278, guid: 0e83389f2726cec4b805919daeccf2f6, type: 3}
      propertyPath: m_LocalPosition.y
      value: 3.4336882
      objectReference: {fileID: 0}
    - target: {fileID: 457278, guid: 0e83389f2726cec4b805919daeccf2f6, type: 3}
      propertyPath: m_LocalPosition.z
      value: 5
      objectReference: {fileID: 0}
    - target: {fileID: 457278, guid: 0e83389f2726cec4b805919daeccf2f6, type: 3}
      propertyPath: m_LocalRotation.w
      value: 1
      objectReference: {fileID: 0}
    - target: {fileID: 457278, guid: 0e83389f2726cec4b805919daeccf2f6, type: 3}
      propertyPath: m_LocalRotation.x
      value: -0
      objectReference: {fileID: 0}
    - target: {fileID: 457278, guid: 0e83389f2726cec4b805919daeccf2f6, type: 3}
      propertyPath: m_LocalRotation.y
      value: -0
      objectReference: {fileID: 0}
    - target: {fileID: 457278, guid: 0e83389f2726cec4b805919daeccf2f6, type: 3}
      propertyPath: m_LocalRotation.z
      value: -0
      objectReference: {fileID: 0}
    m_RemovedComponents: []
  m_SourcePrefab: {fileID: 100100000, guid: 0e83389f2726cec4b805919daeccf2f6, type: 3}
--- !u!4 &2383037833184644988 stripped
Transform:
  m_CorrespondingSourceObject: {fileID: 457278, guid: 0e83389f2726cec4b805919daeccf2f6, type: 3}
  m_PrefabInstance: {fileID: 2383037833185031490}
  m_PrefabAsset: {fileID: 0}
--- !u!1001 &2569837222191966460
PrefabInstance:
  m_ObjectHideFlags: 0
  serializedVersion: 2
  m_Modification:
    m_TransformParent: {fileID: 2481367544849016855}
    m_Modifications:
    - target: {fileID: 182348, guid: a2d22ce70dfdb254e9cf1a761853209a, type: 3}
      propertyPath: m_Name
      value: SM_Bld_Apartment_Stack_27 (1)
      objectReference: {fileID: 0}
    - target: {fileID: 493086, guid: a2d22ce70dfdb254e9cf1a761853209a, type: 3}
      propertyPath: m_RootOrder
      value: 22
      objectReference: {fileID: 0}
    - target: {fileID: 493086, guid: a2d22ce70dfdb254e9cf1a761853209a, type: 3}
      propertyPath: m_LocalPosition.x
      value: -0.1800003
      objectReference: {fileID: 0}
    - target: {fileID: 493086, guid: a2d22ce70dfdb254e9cf1a761853209a, type: 3}
      propertyPath: m_LocalPosition.y
      value: 3.533688
      objectReference: {fileID: 0}
    - target: {fileID: 493086, guid: a2d22ce70dfdb254e9cf1a761853209a, type: 3}
      propertyPath: m_LocalPosition.z
      value: -4.999996
      objectReference: {fileID: 0}
    - target: {fileID: 493086, guid: a2d22ce70dfdb254e9cf1a761853209a, type: 3}
      propertyPath: m_LocalRotation.w
      value: 0.00000044703484
      objectReference: {fileID: 0}
    - target: {fileID: 493086, guid: a2d22ce70dfdb254e9cf1a761853209a, type: 3}
      propertyPath: m_LocalRotation.x
      value: -0
      objectReference: {fileID: 0}
    - target: {fileID: 493086, guid: a2d22ce70dfdb254e9cf1a761853209a, type: 3}
      propertyPath: m_LocalRotation.y
      value: 1
      objectReference: {fileID: 0}
    - target: {fileID: 493086, guid: a2d22ce70dfdb254e9cf1a761853209a, type: 3}
      propertyPath: m_LocalRotation.z
      value: -0
      objectReference: {fileID: 0}
    - target: {fileID: 2305222, guid: a2d22ce70dfdb254e9cf1a761853209a, type: 3}
      propertyPath: m_Materials.Array.data[0]
      value: 
      objectReference: {fileID: 2100000, guid: 49ef76ea47782eb4b93ac08b234fd6c3, type: 2}
    m_RemovedComponents: []
  m_SourcePrefab: {fileID: 100100000, guid: a2d22ce70dfdb254e9cf1a761853209a, type: 3}
--- !u!4 &2569837222191935202 stripped
Transform:
  m_CorrespondingSourceObject: {fileID: 493086, guid: a2d22ce70dfdb254e9cf1a761853209a, type: 3}
  m_PrefabInstance: {fileID: 2569837222191966460}
  m_PrefabAsset: {fileID: 0}
--- !u!1001 &2734771912639451392
PrefabInstance:
  m_ObjectHideFlags: 0
  serializedVersion: 2
  m_Modification:
    m_TransformParent: {fileID: 2481367544849016855}
    m_Modifications:
    - target: {fileID: 151176, guid: c498c5a0f7820b142b3b929366f2cf35, type: 3}
      propertyPath: m_Name
      value: SM_Bld_Apartment_Stack_26 (1)
      objectReference: {fileID: 0}
    - target: {fileID: 467878, guid: c498c5a0f7820b142b3b929366f2cf35, type: 3}
      propertyPath: m_RootOrder
      value: 6
      objectReference: {fileID: 0}
    - target: {fileID: 467878, guid: c498c5a0f7820b142b3b929366f2cf35, type: 3}
      propertyPath: m_LocalPosition.x
      value: -5.0200005
      objectReference: {fileID: 0}
    - target: {fileID: 467878, guid: c498c5a0f7820b142b3b929366f2cf35, type: 3}
      propertyPath: m_LocalPosition.y
      value: 3.533688
      objectReference: {fileID: 0}
    - target: {fileID: 467878, guid: c498c5a0f7820b142b3b929366f2cf35, type: 3}
      propertyPath: m_LocalPosition.z
      value: -5.0099983
      objectReference: {fileID: 0}
    - target: {fileID: 467878, guid: c498c5a0f7820b142b3b929366f2cf35, type: 3}
      propertyPath: m_LocalRotation.w
      value: 0.00000044703484
      objectReference: {fileID: 0}
    - target: {fileID: 467878, guid: c498c5a0f7820b142b3b929366f2cf35, type: 3}
      propertyPath: m_LocalRotation.x
      value: -0
      objectReference: {fileID: 0}
    - target: {fileID: 467878, guid: c498c5a0f7820b142b3b929366f2cf35, type: 3}
      propertyPath: m_LocalRotation.y
      value: 1
      objectReference: {fileID: 0}
    - target: {fileID: 467878, guid: c498c5a0f7820b142b3b929366f2cf35, type: 3}
      propertyPath: m_LocalRotation.z
      value: -0
      objectReference: {fileID: 0}
    m_RemovedComponents: []
  m_SourcePrefab: {fileID: 100100000, guid: c498c5a0f7820b142b3b929366f2cf35, type: 3}
--- !u!4 &2734771912639001254 stripped
Transform:
  m_CorrespondingSourceObject: {fileID: 467878, guid: c498c5a0f7820b142b3b929366f2cf35, type: 3}
  m_PrefabInstance: {fileID: 2734771912639451392}
  m_PrefabAsset: {fileID: 0}
--- !u!1001 &2820275980742550618
PrefabInstance:
  m_ObjectHideFlags: 0
  serializedVersion: 2
  m_Modification:
    m_TransformParent: {fileID: 2481367544849016855}
    m_Modifications:
    - target: {fileID: 171906, guid: 295b7b7ec52815e41ba330f82ad49dde, type: 3}
      propertyPath: m_Name
      value: SM_Bld_Apartment_Door_24 (1)
      objectReference: {fileID: 0}
    - target: {fileID: 435814, guid: 295b7b7ec52815e41ba330f82ad49dde, type: 3}
      propertyPath: m_RootOrder
      value: 25
      objectReference: {fileID: 0}
    - target: {fileID: 435814, guid: 295b7b7ec52815e41ba330f82ad49dde, type: 3}
      propertyPath: m_LocalPosition.x
      value: -5.0200005
      objectReference: {fileID: 0}
    - target: {fileID: 435814, guid: 295b7b7ec52815e41ba330f82ad49dde, type: 3}
      propertyPath: m_LocalPosition.y
      value: 0.53368807
      objectReference: {fileID: 0}
    - target: {fileID: 435814, guid: 295b7b7ec52815e41ba330f82ad49dde, type: 3}
      propertyPath: m_LocalPosition.z
      value: -5.0099983
      objectReference: {fileID: 0}
    - target: {fileID: 435814, guid: 295b7b7ec52815e41ba330f82ad49dde, type: 3}
      propertyPath: m_LocalRotation.w
      value: 0.0000014156102
      objectReference: {fileID: 0}
    - target: {fileID: 435814, guid: 295b7b7ec52815e41ba330f82ad49dde, type: 3}
      propertyPath: m_LocalRotation.x
      value: -0
      objectReference: {fileID: 0}
    - target: {fileID: 435814, guid: 295b7b7ec52815e41ba330f82ad49dde, type: 3}
      propertyPath: m_LocalRotation.y
      value: 1
      objectReference: {fileID: 0}
    - target: {fileID: 435814, guid: 295b7b7ec52815e41ba330f82ad49dde, type: 3}
      propertyPath: m_LocalRotation.z
      value: -0
      objectReference: {fileID: 0}
    m_RemovedComponents: []
  m_SourcePrefab: {fileID: 100100000, guid: 295b7b7ec52815e41ba330f82ad49dde, type: 3}
--- !u!4 &2820275980742902332 stripped
Transform:
  m_CorrespondingSourceObject: {fileID: 435814, guid: 295b7b7ec52815e41ba330f82ad49dde, type: 3}
  m_PrefabInstance: {fileID: 2820275980742550618}
  m_PrefabAsset: {fileID: 0}
--- !u!1001 &3511169978610639655
PrefabInstance:
  m_ObjectHideFlags: 0
  serializedVersion: 2
  m_Modification:
    m_TransformParent: {fileID: 2481367544849016855}
    m_Modifications:
    - target: {fileID: 198584, guid: f9c5e344bb1131f4f83e34b3f8cae927, type: 3}
      propertyPath: m_Name
      value: SM_Bld_Apartment_Stack_10 (1)
      objectReference: {fileID: 0}
    - target: {fileID: 421600, guid: f9c5e344bb1131f4f83e34b3f8cae927, type: 3}
      propertyPath: m_RootOrder
      value: 5
      objectReference: {fileID: 0}
    - target: {fileID: 421600, guid: f9c5e344bb1131f4f83e34b3f8cae927, type: 3}
      propertyPath: m_LocalPosition.x
      value: -0.020000458
      objectReference: {fileID: 0}
    - target: {fileID: 421600, guid: f9c5e344bb1131f4f83e34b3f8cae927, type: 3}
      propertyPath: m_LocalPosition.y
      value: 3.533688
      objectReference: {fileID: 0}
    - target: {fileID: 421600, guid: f9c5e344bb1131f4f83e34b3f8cae927, type: 3}
      propertyPath: m_LocalPosition.z
      value: 4.9900017
      objectReference: {fileID: 0}
    - target: {fileID: 421600, guid: f9c5e344bb1131f4f83e34b3f8cae927, type: 3}
      propertyPath: m_LocalRotation.w
      value: 1
      objectReference: {fileID: 0}
    - target: {fileID: 421600, guid: f9c5e344bb1131f4f83e34b3f8cae927, type: 3}
      propertyPath: m_LocalRotation.x
      value: -0
      objectReference: {fileID: 0}
    - target: {fileID: 421600, guid: f9c5e344bb1131f4f83e34b3f8cae927, type: 3}
      propertyPath: m_LocalRotation.y
      value: -0
      objectReference: {fileID: 0}
    - target: {fileID: 421600, guid: f9c5e344bb1131f4f83e34b3f8cae927, type: 3}
      propertyPath: m_LocalRotation.z
      value: -0
      objectReference: {fileID: 0}
    m_RemovedComponents: []
  m_SourcePrefab: {fileID: 100100000, guid: f9c5e344bb1131f4f83e34b3f8cae927, type: 3}
--- !u!4 &3511169978610748871 stripped
Transform:
  m_CorrespondingSourceObject: {fileID: 421600, guid: f9c5e344bb1131f4f83e34b3f8cae927, type: 3}
  m_PrefabInstance: {fileID: 3511169978610639655}
  m_PrefabAsset: {fileID: 0}
--- !u!1001 &3863438096265982491
PrefabInstance:
  m_ObjectHideFlags: 0
  serializedVersion: 2
  m_Modification:
    m_TransformParent: {fileID: 2481367544849016855}
    m_Modifications:
    - target: {fileID: 194954, guid: 015249c005381134e896458eb3ed0bb1, type: 3}
      propertyPath: m_Name
      value: SM_Prop_Aircon_118 (1)
      objectReference: {fileID: 0}
    - target: {fileID: 454224, guid: 015249c005381134e896458eb3ed0bb1, type: 3}
      propertyPath: m_RootOrder
      value: 12
      objectReference: {fileID: 0}
    - target: {fileID: 454224, guid: 015249c005381134e896458eb3ed0bb1, type: 3}
      propertyPath: m_LocalPosition.x
      value: 0.6000023
      objectReference: {fileID: 0}
    - target: {fileID: 454224, guid: 015249c005381134e896458eb3ed0bb1, type: 3}
      propertyPath: m_LocalPosition.y
      value: 10.053688
      objectReference: {fileID: 0}
    - target: {fileID: 454224, guid: 015249c005381134e896458eb3ed0bb1, type: 3}
      propertyPath: m_LocalPosition.z
      value: -4.700001
      objectReference: {fileID: 0}
    - target: {fileID: 454224, guid: 015249c005381134e896458eb3ed0bb1, type: 3}
      propertyPath: m_LocalRotation.w
      value: 0.000001296401
      objectReference: {fileID: 0}
    - target: {fileID: 454224, guid: 015249c005381134e896458eb3ed0bb1, type: 3}
      propertyPath: m_LocalRotation.x
      value: -0
      objectReference: {fileID: 0}
    - target: {fileID: 454224, guid: 015249c005381134e896458eb3ed0bb1, type: 3}
      propertyPath: m_LocalRotation.y
      value: 1
      objectReference: {fileID: 0}
    - target: {fileID: 454224, guid: 015249c005381134e896458eb3ed0bb1, type: 3}
      propertyPath: m_LocalRotation.z
      value: -0
      objectReference: {fileID: 0}
    m_RemovedComponents: []
  m_SourcePrefab: {fileID: 100100000, guid: 015249c005381134e896458eb3ed0bb1, type: 3}
--- !u!4 &3863438096265894987 stripped
Transform:
  m_CorrespondingSourceObject: {fileID: 454224, guid: 015249c005381134e896458eb3ed0bb1, type: 3}
  m_PrefabInstance: {fileID: 3863438096265982491}
  m_PrefabAsset: {fileID: 0}
--- !u!1001 &4066760916818461412
PrefabInstance:
  m_ObjectHideFlags: 0
  serializedVersion: 2
  m_Modification:
    m_TransformParent: {fileID: 2481367544849016855}
    m_Modifications:
    - target: {fileID: 178404, guid: a0fc9668797c0ba40bfd0a39fc67f2ed, type: 3}
      propertyPath: m_Name
      value: SM_Bld_FireEscape_59 (1)
      objectReference: {fileID: 0}
    - target: {fileID: 468664, guid: a0fc9668797c0ba40bfd0a39fc67f2ed, type: 3}
      propertyPath: m_RootOrder
      value: 9
      objectReference: {fileID: 0}
    - target: {fileID: 468664, guid: a0fc9668797c0ba40bfd0a39fc67f2ed, type: 3}
      propertyPath: m_LocalPosition.x
      value: 0
      objectReference: {fileID: 0}
    - target: {fileID: 468664, guid: a0fc9668797c0ba40bfd0a39fc67f2ed, type: 3}
      propertyPath: m_LocalPosition.y
      value: 9.433687
      objectReference: {fileID: 0}
    - target: {fileID: 468664, guid: a0fc9668797c0ba40bfd0a39fc67f2ed, type: 3}
      propertyPath: m_LocalPosition.z
      value: 5
      objectReference: {fileID: 0}
    - target: {fileID: 468664, guid: a0fc9668797c0ba40bfd0a39fc67f2ed, type: 3}
      propertyPath: m_LocalRotation.w
      value: 1
      objectReference: {fileID: 0}
    - target: {fileID: 468664, guid: a0fc9668797c0ba40bfd0a39fc67f2ed, type: 3}
      propertyPath: m_LocalRotation.x
      value: -0
      objectReference: {fileID: 0}
    - target: {fileID: 468664, guid: a0fc9668797c0ba40bfd0a39fc67f2ed, type: 3}
      propertyPath: m_LocalRotation.y
      value: -0
      objectReference: {fileID: 0}
    - target: {fileID: 468664, guid: a0fc9668797c0ba40bfd0a39fc67f2ed, type: 3}
      propertyPath: m_LocalRotation.z
      value: -0
      objectReference: {fileID: 0}
    m_RemovedComponents: []
  m_SourcePrefab: {fileID: 100100000, guid: a0fc9668797c0ba40bfd0a39fc67f2ed, type: 3}
--- !u!4 &4066760916818928732 stripped
Transform:
  m_CorrespondingSourceObject: {fileID: 468664, guid: a0fc9668797c0ba40bfd0a39fc67f2ed, type: 3}
  m_PrefabInstance: {fileID: 4066760916818461412}
  m_PrefabAsset: {fileID: 0}
--- !u!1001 &4242963416791044297
PrefabInstance:
  m_ObjectHideFlags: 0
  serializedVersion: 2
  m_Modification:
    m_TransformParent: {fileID: 2481367544849016855}
    m_Modifications:
    - target: {fileID: 160556, guid: b59c8a025baab13498254afa5eb8b18d, type: 3}
      propertyPath: m_Name
      value: SM_Prop_Roof_Aircon_35 (1)
      objectReference: {fileID: 0}
    - target: {fileID: 422430, guid: b59c8a025baab13498254afa5eb8b18d, type: 3}
      propertyPath: m_RootOrder
      value: 15
      objectReference: {fileID: 0}
    - target: {fileID: 422430, guid: b59c8a025baab13498254afa5eb8b18d, type: 3}
      propertyPath: m_LocalPosition.x
      value: -3.5200005
      objectReference: {fileID: 0}
    - target: {fileID: 422430, guid: b59c8a025baab13498254afa5eb8b18d, type: 3}
      propertyPath: m_LocalPosition.y
      value: 13.033688
      objectReference: {fileID: 0}
    - target: {fileID: 422430, guid: b59c8a025baab13498254afa5eb8b18d, type: 3}
      propertyPath: m_LocalPosition.z
      value: -0.0099983215
      objectReference: {fileID: 0}
    - target: {fileID: 422430, guid: b59c8a025baab13498254afa5eb8b18d, type: 3}
      propertyPath: m_LocalRotation.w
      value: 1
      objectReference: {fileID: 0}
    - target: {fileID: 422430, guid: b59c8a025baab13498254afa5eb8b18d, type: 3}
      propertyPath: m_LocalRotation.x
      value: -0
      objectReference: {fileID: 0}
    - target: {fileID: 422430, guid: b59c8a025baab13498254afa5eb8b18d, type: 3}
      propertyPath: m_LocalRotation.y
      value: -0
      objectReference: {fileID: 0}
    - target: {fileID: 422430, guid: b59c8a025baab13498254afa5eb8b18d, type: 3}
      propertyPath: m_LocalRotation.z
      value: -0
      objectReference: {fileID: 0}
    m_RemovedComponents: []
  m_SourcePrefab: {fileID: 100100000, guid: b59c8a025baab13498254afa5eb8b18d, type: 3}
--- !u!4 &4242963416790639319 stripped
Transform:
  m_CorrespondingSourceObject: {fileID: 422430, guid: b59c8a025baab13498254afa5eb8b18d, type: 3}
  m_PrefabInstance: {fileID: 4242963416791044297}
  m_PrefabAsset: {fileID: 0}
--- !u!1001 &4496726288119269673
PrefabInstance:
  m_ObjectHideFlags: 0
  serializedVersion: 2
  m_Modification:
    m_TransformParent: {fileID: 2481367544849016855}
    m_Modifications:
    - target: {fileID: 440266, guid: 18b3fbedd678f2b4190c7c8649439033, type: 3}
      propertyPath: m_RootOrder
      value: 0
      objectReference: {fileID: 0}
    - target: {fileID: 440266, guid: 18b3fbedd678f2b4190c7c8649439033, type: 3}
      propertyPath: m_LocalPosition.x
      value: 2.4750404
      objectReference: {fileID: 0}
    - target: {fileID: 440266, guid: 18b3fbedd678f2b4190c7c8649439033, type: 3}
      propertyPath: m_LocalPosition.y
      value: 12.933687
      objectReference: {fileID: 0}
    - target: {fileID: 440266, guid: 18b3fbedd678f2b4190c7c8649439033, type: 3}
      propertyPath: m_LocalPosition.z
      value: -3.8004837
      objectReference: {fileID: 0}
    - target: {fileID: 440266, guid: 18b3fbedd678f2b4190c7c8649439033, type: 3}
      propertyPath: m_LocalRotation.w
      value: 0.7071077
      objectReference: {fileID: 0}
    - target: {fileID: 440266, guid: 18b3fbedd678f2b4190c7c8649439033, type: 3}
      propertyPath: m_LocalRotation.x
      value: -0
      objectReference: {fileID: 0}
    - target: {fileID: 440266, guid: 18b3fbedd678f2b4190c7c8649439033, type: 3}
      propertyPath: m_LocalRotation.y
      value: 0.7071059
      objectReference: {fileID: 0}
    - target: {fileID: 440266, guid: 18b3fbedd678f2b4190c7c8649439033, type: 3}
      propertyPath: m_LocalRotation.z
      value: -0
      objectReference: {fileID: 0}
    m_RemovedComponents: []
  m_SourcePrefab: {fileID: 100100000, guid: 18b3fbedd678f2b4190c7c8649439033, type: 3}
--- !u!4 &4496726288119381731 stripped
Transform:
  m_CorrespondingSourceObject: {fileID: 440266, guid: 18b3fbedd678f2b4190c7c8649439033, type: 3}
  m_PrefabInstance: {fileID: 4496726288119269673}
  m_PrefabAsset: {fileID: 0}
--- !u!1001 &4575312500799000176
PrefabInstance:
  m_ObjectHideFlags: 0
  serializedVersion: 2
  m_Modification:
    m_TransformParent: {fileID: 2481367544849016855}
    m_Modifications:
    - target: {fileID: 118190, guid: 99e3d52be60050d4883633a4b0e12226, type: 3}
      propertyPath: m_Name
      value: SM_Bld_Apartment_Roof_35 (1)
      objectReference: {fileID: 0}
    - target: {fileID: 493762, guid: 99e3d52be60050d4883633a4b0e12226, type: 3}
      propertyPath: m_RootOrder
      value: 18
      objectReference: {fileID: 0}
    - target: {fileID: 493762, guid: 99e3d52be60050d4883633a4b0e12226, type: 3}
      propertyPath: m_LocalPosition.x
      value: -0.1800003
      objectReference: {fileID: 0}
    - target: {fileID: 493762, guid: 99e3d52be60050d4883633a4b0e12226, type: 3}
      propertyPath: m_LocalPosition.y
      value: 12.533688
      objectReference: {fileID: 0}
    - target: {fileID: 493762, guid: 99e3d52be60050d4883633a4b0e12226, type: 3}
      propertyPath: m_LocalPosition.z
      value: -4.9999886
      objectReference: {fileID: 0}
    - target: {fileID: 493762, guid: 99e3d52be60050d4883633a4b0e12226, type: 3}
      propertyPath: m_LocalRotation.w
      value: 0.00000044703484
      objectReference: {fileID: 0}
    - target: {fileID: 493762, guid: 99e3d52be60050d4883633a4b0e12226, type: 3}
      propertyPath: m_LocalRotation.x
      value: -0
      objectReference: {fileID: 0}
    - target: {fileID: 493762, guid: 99e3d52be60050d4883633a4b0e12226, type: 3}
      propertyPath: m_LocalRotation.y
      value: 1
      objectReference: {fileID: 0}
    - target: {fileID: 493762, guid: 99e3d52be60050d4883633a4b0e12226, type: 3}
      propertyPath: m_LocalRotation.z
      value: -0
      objectReference: {fileID: 0}
    m_RemovedComponents: []
  m_SourcePrefab: {fileID: 100100000, guid: 99e3d52be60050d4883633a4b0e12226, type: 3}
--- !u!4 &4575312500798572210 stripped
Transform:
  m_CorrespondingSourceObject: {fileID: 493762, guid: 99e3d52be60050d4883633a4b0e12226, type: 3}
  m_PrefabInstance: {fileID: 4575312500799000176}
  m_PrefabAsset: {fileID: 0}
--- !u!1001 &4603240491289439223
PrefabInstance:
  m_ObjectHideFlags: 0
  serializedVersion: 2
  m_Modification:
    m_TransformParent: {fileID: 2481367544849016855}
    m_Modifications:
    - target: {fileID: 118190, guid: 99e3d52be60050d4883633a4b0e12226, type: 3}
      propertyPath: m_Name
      value: SM_Bld_Apartment_Roof_16 (1)
      objectReference: {fileID: 0}
    - target: {fileID: 493762, guid: 99e3d52be60050d4883633a4b0e12226, type: 3}
      propertyPath: m_RootOrder
      value: 4
      objectReference: {fileID: 0}
    - target: {fileID: 493762, guid: 99e3d52be60050d4883633a4b0e12226, type: 3}
      propertyPath: m_LocalPosition.x
      value: 4.819998
      objectReference: {fileID: 0}
    - target: {fileID: 493762, guid: 99e3d52be60050d4883633a4b0e12226, type: 3}
      propertyPath: m_LocalPosition.y
      value: 12.533688
      objectReference: {fileID: 0}
    - target: {fileID: 493762, guid: 99e3d52be60050d4883633a4b0e12226, type: 3}
      propertyPath: m_LocalPosition.z
      value: 5.0000114
      objectReference: {fileID: 0}
    - target: {fileID: 493762, guid: 99e3d52be60050d4883633a4b0e12226, type: 3}
      propertyPath: m_LocalRotation.w
      value: 1
      objectReference: {fileID: 0}
    - target: {fileID: 493762, guid: 99e3d52be60050d4883633a4b0e12226, type: 3}
      propertyPath: m_LocalRotation.x
      value: -0
      objectReference: {fileID: 0}
    - target: {fileID: 493762, guid: 99e3d52be60050d4883633a4b0e12226, type: 3}
      propertyPath: m_LocalRotation.y
      value: -0
      objectReference: {fileID: 0}
    - target: {fileID: 493762, guid: 99e3d52be60050d4883633a4b0e12226, type: 3}
      propertyPath: m_LocalRotation.z
      value: -0
      objectReference: {fileID: 0}
    m_RemovedComponents: []
  m_SourcePrefab: {fileID: 100100000, guid: 99e3d52be60050d4883633a4b0e12226, type: 3}
--- !u!4 &4603240491289928501 stripped
Transform:
  m_CorrespondingSourceObject: {fileID: 493762, guid: 99e3d52be60050d4883633a4b0e12226, type: 3}
  m_PrefabInstance: {fileID: 4603240491289439223}
  m_PrefabAsset: {fileID: 0}
--- !u!1001 &5582512797283469783
PrefabInstance:
  m_ObjectHideFlags: 0
  serializedVersion: 2
  m_Modification:
    m_TransformParent: {fileID: 2481367544849016855}
    m_Modifications:
    - target: {fileID: 131012, guid: 694588147c2fd7e41b0105d7054a7f1a, type: 3}
      propertyPath: m_Name
      value: SM_Bld_Shop_21 (1)
      objectReference: {fileID: 0}
    - target: {fileID: 467018, guid: 694588147c2fd7e41b0105d7054a7f1a, type: 3}
      propertyPath: m_RootOrder
      value: 27
      objectReference: {fileID: 0}
    - target: {fileID: 467018, guid: 694588147c2fd7e41b0105d7054a7f1a, type: 3}
      propertyPath: m_LocalPosition.x
      value: -0.020000458
      objectReference: {fileID: 0}
    - target: {fileID: 467018, guid: 694588147c2fd7e41b0105d7054a7f1a, type: 3}
      propertyPath: m_LocalPosition.y
      value: 0.53368807
      objectReference: {fileID: 0}
    - target: {fileID: 467018, guid: 694588147c2fd7e41b0105d7054a7f1a, type: 3}
      propertyPath: m_LocalPosition.z
      value: -5.0099983
      objectReference: {fileID: 0}
    - target: {fileID: 467018, guid: 694588147c2fd7e41b0105d7054a7f1a, type: 3}
      propertyPath: m_LocalRotation.w
      value: -0.0000028759237
      objectReference: {fileID: 0}
    - target: {fileID: 467018, guid: 694588147c2fd7e41b0105d7054a7f1a, type: 3}
      propertyPath: m_LocalRotation.x
      value: -0
      objectReference: {fileID: 0}
    - target: {fileID: 467018, guid: 694588147c2fd7e41b0105d7054a7f1a, type: 3}
      propertyPath: m_LocalRotation.y
      value: -1
      objectReference: {fileID: 0}
    - target: {fileID: 467018, guid: 694588147c2fd7e41b0105d7054a7f1a, type: 3}
      propertyPath: m_LocalRotation.z
      value: -0
      objectReference: {fileID: 0}
    - target: {fileID: 2357052, guid: 694588147c2fd7e41b0105d7054a7f1a, type: 3}
      propertyPath: m_Materials.Array.data[0]
      value: 
      objectReference: {fileID: 2100000, guid: c29d9dff2056b1543bbb70ec32427a62, type: 2}
    m_RemovedComponents: []
  m_SourcePrefab: {fileID: 100100000, guid: 694588147c2fd7e41b0105d7054a7f1a, type: 3}
--- !u!4 &5582512797283019165 stripped
Transform:
  m_CorrespondingSourceObject: {fileID: 467018, guid: 694588147c2fd7e41b0105d7054a7f1a, type: 3}
  m_PrefabInstance: {fileID: 5582512797283469783}
  m_PrefabAsset: {fileID: 0}
--- !u!1001 &5943141435979687339
PrefabInstance:
  m_ObjectHideFlags: 0
  serializedVersion: 2
  m_Modification:
    m_TransformParent: {fileID: 2481367544849016855}
    m_Modifications:
    - target: {fileID: 414098, guid: 827ae48cedbbd6543817a37cb59dab8d, type: 3}
      propertyPath: m_RootOrder
      value: 2
      objectReference: {fileID: 0}
    - target: {fileID: 414098, guid: 827ae48cedbbd6543817a37cb59dab8d, type: 3}
      propertyPath: m_LocalPosition.x
      value: -3.7200012
      objectReference: {fileID: 0}
    - target: {fileID: 414098, guid: 827ae48cedbbd6543817a37cb59dab8d, type: 3}
      propertyPath: m_LocalPosition.y
      value: 12.933687
      objectReference: {fileID: 0}
    - target: {fileID: 414098, guid: 827ae48cedbbd6543817a37cb59dab8d, type: 3}
      propertyPath: m_LocalPosition.z
      value: 1.2000008
      objectReference: {fileID: 0}
    - target: {fileID: 414098, guid: 827ae48cedbbd6543817a37cb59dab8d, type: 3}
      propertyPath: m_LocalRotation.w
      value: -0.70710456
      objectReference: {fileID: 0}
    - target: {fileID: 414098, guid: 827ae48cedbbd6543817a37cb59dab8d, type: 3}
      propertyPath: m_LocalRotation.x
      value: -0
      objectReference: {fileID: 0}
    - target: {fileID: 414098, guid: 827ae48cedbbd6543817a37cb59dab8d, type: 3}
      propertyPath: m_LocalRotation.y
      value: 0.70710903
      objectReference: {fileID: 0}
    - target: {fileID: 414098, guid: 827ae48cedbbd6543817a37cb59dab8d, type: 3}
      propertyPath: m_LocalRotation.z
      value: -0
      objectReference: {fileID: 0}
    m_RemovedComponents: []
  m_SourcePrefab: {fileID: 100100000, guid: 827ae48cedbbd6543817a37cb59dab8d, type: 3}
--- !u!4 &5943141435980067897 stripped
Transform:
  m_CorrespondingSourceObject: {fileID: 414098, guid: 827ae48cedbbd6543817a37cb59dab8d, type: 3}
  m_PrefabInstance: {fileID: 5943141435979687339}
  m_PrefabAsset: {fileID: 0}
--- !u!1001 &6130295131921885181
PrefabInstance:
  m_ObjectHideFlags: 0
  serializedVersion: 2
  m_Modification:
    m_TransformParent: {fileID: 2481367544849016855}
    m_Modifications:
    - target: {fileID: 107268, guid: 385e440e39a69044bbd3453c1caa8158, type: 3}
      propertyPath: m_Name
      value: SM_Prop_PlanterWindow_65 (1)
      objectReference: {fileID: 0}
    - target: {fileID: 497330, guid: 385e440e39a69044bbd3453c1caa8158, type: 3}
      propertyPath: m_RootOrder
      value: 8
      objectReference: {fileID: 0}
    - target: {fileID: 497330, guid: 385e440e39a69044bbd3453c1caa8158, type: 3}
      propertyPath: m_LocalPosition.x
      value: -4.1499977
      objectReference: {fileID: 0}
    - target: {fileID: 497330, guid: 385e440e39a69044bbd3453c1caa8158, type: 3}
      propertyPath: m_LocalPosition.y
      value: 9.743689
      objectReference: {fileID: 0}
    - target: {fileID: 497330, guid: 385e440e39a69044bbd3453c1caa8158, type: 3}
      propertyPath: m_LocalPosition.z
      value: 5
      objectReference: {fileID: 0}
    - target: {fileID: 497330, guid: 385e440e39a69044bbd3453c1caa8158, type: 3}
      propertyPath: m_LocalRotation.w
      value: 1
      objectReference: {fileID: 0}
    - target: {fileID: 497330, guid: 385e440e39a69044bbd3453c1caa8158, type: 3}
      propertyPath: m_LocalRotation.x
      value: -0
      objectReference: {fileID: 0}
    - target: {fileID: 497330, guid: 385e440e39a69044bbd3453c1caa8158, type: 3}
      propertyPath: m_LocalRotation.y
      value: -0
      objectReference: {fileID: 0}
    - target: {fileID: 497330, guid: 385e440e39a69044bbd3453c1caa8158, type: 3}
      propertyPath: m_LocalRotation.z
      value: -0
      objectReference: {fileID: 0}
    m_RemovedComponents: []
  m_SourcePrefab: {fileID: 100100000, guid: 385e440e39a69044bbd3453c1caa8158, type: 3}
--- !u!4 &6130295131922051407 stripped
Transform:
  m_CorrespondingSourceObject: {fileID: 497330, guid: 385e440e39a69044bbd3453c1caa8158, type: 3}
  m_PrefabInstance: {fileID: 6130295131921885181}
  m_PrefabAsset: {fileID: 0}
--- !u!1001 &6150442331310579278
PrefabInstance:
  m_ObjectHideFlags: 0
  serializedVersion: 2
  m_Modification:
    m_TransformParent: {fileID: 2481367544849016855}
    m_Modifications:
    - target: {fileID: 129154, guid: 24ee7962b4d4a224d9bf7169a2769f89, type: 3}
      propertyPath: m_Name
      value: SM_Prop_Vents_Corner_09 (1)
      objectReference: {fileID: 0}
    - target: {fileID: 443486, guid: 24ee7962b4d4a224d9bf7169a2769f89, type: 3}
      propertyPath: m_RootOrder
      value: 1
      objectReference: {fileID: 0}
    - target: {fileID: 443486, guid: 24ee7962b4d4a224d9bf7169a2769f89, type: 3}
      propertyPath: m_LocalPosition.x
      value: -3.7200012
      objectReference: {fileID: 0}
    - target: {fileID: 443486, guid: 24ee7962b4d4a224d9bf7169a2769f89, type: 3}
      propertyPath: m_LocalPosition.y
      value: 12.933687
      objectReference: {fileID: 0}
    - target: {fileID: 443486, guid: 24ee7962b4d4a224d9bf7169a2769f89, type: 3}
      propertyPath: m_LocalPosition.z
      value: 1.2000008
      objectReference: {fileID: 0}
    - target: {fileID: 443486, guid: 24ee7962b4d4a224d9bf7169a2769f89, type: 3}
      propertyPath: m_LocalRotation.w
      value: 0.7071076
      objectReference: {fileID: 0}
    - target: {fileID: 443486, guid: 24ee7962b4d4a224d9bf7169a2769f89, type: 3}
      propertyPath: m_LocalRotation.x
      value: -0
      objectReference: {fileID: 0}
    - target: {fileID: 443486, guid: 24ee7962b4d4a224d9bf7169a2769f89, type: 3}
      propertyPath: m_LocalRotation.y
      value: 0.707106
      objectReference: {fileID: 0}
    - target: {fileID: 443486, guid: 24ee7962b4d4a224d9bf7169a2769f89, type: 3}
      propertyPath: m_LocalRotation.z
      value: -0
      objectReference: {fileID: 0}
    m_RemovedComponents: []
  m_SourcePrefab: {fileID: 100100000, guid: 24ee7962b4d4a224d9bf7169a2769f89, type: 3}
--- !u!4 &6150442331310660112 stripped
Transform:
  m_CorrespondingSourceObject: {fileID: 443486, guid: 24ee7962b4d4a224d9bf7169a2769f89, type: 3}
  m_PrefabInstance: {fileID: 6150442331310579278}
  m_PrefabAsset: {fileID: 0}
--- !u!1001 &6267570807516997388
PrefabInstance:
  m_ObjectHideFlags: 0
  serializedVersion: 2
  m_Modification:
    m_TransformParent: {fileID: 2481367544849016855}
    m_Modifications:
    - target: {fileID: 100388, guid: 627f78867a195924ab8cd8a55429db26, type: 3}
      propertyPath: m_Name
      value: SM_Prop_PowerBox_10 (1)
      objectReference: {fileID: 0}
    - target: {fileID: 476738, guid: 627f78867a195924ab8cd8a55429db26, type: 3}
      propertyPath: m_RootOrder
      value: 17
      objectReference: {fileID: 0}
    - target: {fileID: 476738, guid: 627f78867a195924ab8cd8a55429db26, type: 3}
      propertyPath: m_LocalPosition.x
      value: 3.2799988
      objectReference: {fileID: 0}
    - target: {fileID: 476738, guid: 627f78867a195924ab8cd8a55429db26, type: 3}
      propertyPath: m_LocalPosition.y
      value: 12.933687
      objectReference: {fileID: 0}
    - target: {fileID: 476738, guid: 627f78867a195924ab8cd8a55429db26, type: 3}
      propertyPath: m_LocalPosition.z
      value: -2.5
      objectReference: {fileID: 0}
    - target: {fileID: 476738, guid: 627f78867a195924ab8cd8a55429db26, type: 3}
      propertyPath: m_LocalRotation.w
      value: 1
      objectReference: {fileID: 0}
    - target: {fileID: 476738, guid: 627f78867a195924ab8cd8a55429db26, type: 3}
      propertyPath: m_LocalRotation.x
      value: -0
      objectReference: {fileID: 0}
    - target: {fileID: 476738, guid: 627f78867a195924ab8cd8a55429db26, type: 3}
      propertyPath: m_LocalRotation.y
      value: -0
      objectReference: {fileID: 0}
    - target: {fileID: 476738, guid: 627f78867a195924ab8cd8a55429db26, type: 3}
      propertyPath: m_LocalRotation.z
      value: -0
      objectReference: {fileID: 0}
    m_RemovedComponents: []
  m_SourcePrefab: {fileID: 100100000, guid: 627f78867a195924ab8cd8a55429db26, type: 3}
--- !u!4 &6267570807517471054 stripped
Transform:
  m_CorrespondingSourceObject: {fileID: 476738, guid: 627f78867a195924ab8cd8a55429db26, type: 3}
  m_PrefabInstance: {fileID: 6267570807516997388}
  m_PrefabAsset: {fileID: 0}
--- !u!1001 &7423188153176052845
PrefabInstance:
  m_ObjectHideFlags: 0
  serializedVersion: 2
  m_Modification:
    m_TransformParent: {fileID: 2481367544849016855}
    m_Modifications:
    - target: {fileID: 107268, guid: 385e440e39a69044bbd3453c1caa8158, type: 3}
      propertyPath: m_Name
      value: SM_Prop_PlanterWindow_70 (1)
      objectReference: {fileID: 0}
    - target: {fileID: 497330, guid: 385e440e39a69044bbd3453c1caa8158, type: 3}
      propertyPath: m_RootOrder
      value: 11
      objectReference: {fileID: 0}
    - target: {fileID: 497330, guid: 385e440e39a69044bbd3453c1caa8158, type: 3}
      propertyPath: m_LocalPosition.x
      value: -0.9399986
      objectReference: {fileID: 0}
    - target: {fileID: 497330, guid: 385e440e39a69044bbd3453c1caa8158, type: 3}
      propertyPath: m_LocalPosition.y
      value: 9.933687
      objectReference: {fileID: 0}
    - target: {fileID: 497330, guid: 385e440e39a69044bbd3453c1caa8158, type: 3}
      propertyPath: m_LocalPosition.z
      value: -4.999996
      objectReference: {fileID: 0}
    - target: {fileID: 497330, guid: 385e440e39a69044bbd3453c1caa8158, type: 3}
      propertyPath: m_LocalRotation.w
      value: 0.0000004172325
      objectReference: {fileID: 0}
    - target: {fileID: 497330, guid: 385e440e39a69044bbd3453c1caa8158, type: 3}
      propertyPath: m_LocalRotation.x
      value: -0
      objectReference: {fileID: 0}
    - target: {fileID: 497330, guid: 385e440e39a69044bbd3453c1caa8158, type: 3}
      propertyPath: m_LocalRotation.y
      value: 1
      objectReference: {fileID: 0}
    - target: {fileID: 497330, guid: 385e440e39a69044bbd3453c1caa8158, type: 3}
      propertyPath: m_LocalRotation.z
      value: -0
      objectReference: {fileID: 0}
    m_RemovedComponents: []
  m_SourcePrefab: {fileID: 100100000, guid: 385e440e39a69044bbd3453c1caa8158, type: 3}
--- !u!4 &7423188153176277727 stripped
Transform:
  m_CorrespondingSourceObject: {fileID: 497330, guid: 385e440e39a69044bbd3453c1caa8158, type: 3}
  m_PrefabInstance: {fileID: 7423188153176052845}
  m_PrefabAsset: {fileID: 0}
--- !u!1001 &7486592630784262655
PrefabInstance:
  m_ObjectHideFlags: 0
  serializedVersion: 2
  m_Modification:
    m_TransformParent: {fileID: 2481367544849016855}
    m_Modifications:
    - target: {fileID: 194954, guid: 015249c005381134e896458eb3ed0bb1, type: 3}
      propertyPath: m_Name
      value: SM_Prop_Aircon_129 (1)
      objectReference: {fileID: 0}
    - target: {fileID: 454224, guid: 015249c005381134e896458eb3ed0bb1, type: 3}
      propertyPath: m_RootOrder
      value: 23
      objectReference: {fileID: 0}
    - target: {fileID: 454224, guid: 015249c005381134e896458eb3ed0bb1, type: 3}
      propertyPath: m_LocalPosition.x
      value: 0.6800003
      objectReference: {fileID: 0}
    - target: {fileID: 454224, guid: 015249c005381134e896458eb3ed0bb1, type: 3}
      propertyPath: m_LocalPosition.y
      value: 7.133688
      objectReference: {fileID: 0}
    - target: {fileID: 454224, guid: 015249c005381134e896458eb3ed0bb1, type: 3}
      propertyPath: m_LocalPosition.z
      value: 4.700001
      objectReference: {fileID: 0}
    - target: {fileID: 454224, guid: 015249c005381134e896458eb3ed0bb1, type: 3}
      propertyPath: m_LocalRotation.w
      value: 1
      objectReference: {fileID: 0}
    - target: {fileID: 454224, guid: 015249c005381134e896458eb3ed0bb1, type: 3}
      propertyPath: m_LocalRotation.x
      value: -0
      objectReference: {fileID: 0}
    - target: {fileID: 454224, guid: 015249c005381134e896458eb3ed0bb1, type: 3}
      propertyPath: m_LocalRotation.y
      value: -0.000000029802319
      objectReference: {fileID: 0}
    - target: {fileID: 454224, guid: 015249c005381134e896458eb3ed0bb1, type: 3}
      propertyPath: m_LocalRotation.z
      value: -0
      objectReference: {fileID: 0}
    m_RemovedComponents: []
  m_SourcePrefab: {fileID: 100100000, guid: 015249c005381134e896458eb3ed0bb1, type: 3}
--- !u!4 &7486592630784192431 stripped
Transform:
  m_CorrespondingSourceObject: {fileID: 454224, guid: 015249c005381134e896458eb3ed0bb1, type: 3}
  m_PrefabInstance: {fileID: 7486592630784262655}
  m_PrefabAsset: {fileID: 0}
--- !u!1001 &7923260169556029437
PrefabInstance:
  m_ObjectHideFlags: 0
  serializedVersion: 2
  m_Modification:
    m_TransformParent: {fileID: 2481367544849016855}
    m_Modifications:
    - target: {fileID: 183054, guid: 804b4d4621262c6449916edf7614a719, type: 3}
      propertyPath: m_Name
      value: SM_Prop_SecurityCamera_04 (1)
      objectReference: {fileID: 0}
    - target: {fileID: 434358, guid: 804b4d4621262c6449916edf7614a719, type: 3}
      propertyPath: m_RootOrder
      value: 21
      objectReference: {fileID: 0}
    - target: {fileID: 434358, guid: 804b4d4621262c6449916edf7614a719, type: 3}
      propertyPath: m_LocalPosition.x
      value: -3.5200005
      objectReference: {fileID: 0}
    - target: {fileID: 434358, guid: 804b4d4621262c6449916edf7614a719, type: 3}
      propertyPath: m_LocalPosition.y
      value: 11.533688
      objectReference: {fileID: 0}
    - target: {fileID: 434358, guid: 804b4d4621262c6449916edf7614a719, type: 3}
      propertyPath: m_LocalPosition.z
      value: 4.9900017
      objectReference: {fileID: 0}
    - target: {fileID: 434358, guid: 804b4d4621262c6449916edf7614a719, type: 3}
      propertyPath: m_LocalRotation.w
      value: 1
      objectReference: {fileID: 0}
    - target: {fileID: 434358, guid: 804b4d4621262c6449916edf7614a719, type: 3}
      propertyPath: m_LocalRotation.x
      value: -0
      objectReference: {fileID: 0}
    - target: {fileID: 434358, guid: 804b4d4621262c6449916edf7614a719, type: 3}
      propertyPath: m_LocalRotation.y
      value: -0
      objectReference: {fileID: 0}
    - target: {fileID: 434358, guid: 804b4d4621262c6449916edf7614a719, type: 3}
      propertyPath: m_LocalRotation.z
      value: -0
      objectReference: {fileID: 0}
    m_RemovedComponents: []
  m_SourcePrefab: {fileID: 100100000, guid: 804b4d4621262c6449916edf7614a719, type: 3}
--- !u!4 &7923260169556184907 stripped
Transform:
  m_CorrespondingSourceObject: {fileID: 434358, guid: 804b4d4621262c6449916edf7614a719, type: 3}
  m_PrefabInstance: {fileID: 7923260169556029437}
  m_PrefabAsset: {fileID: 0}
--- !u!1001 &8011300644396486744
PrefabInstance:
  m_ObjectHideFlags: 0
  serializedVersion: 2
  m_Modification:
    m_TransformParent: {fileID: 2481367544849016855}
    m_Modifications:
    - target: {fileID: 109168, guid: ade248290e90bae40b4a349101c343c8, type: 3}
      propertyPath: m_Name
      value: SM_Bld_Shop_17 (1)
      objectReference: {fileID: 0}
    - target: {fileID: 430828, guid: ade248290e90bae40b4a349101c343c8, type: 3}
      propertyPath: m_RootOrder
      value: 26
      objectReference: {fileID: 0}
    - target: {fileID: 430828, guid: ade248290e90bae40b4a349101c343c8, type: 3}
      propertyPath: m_LocalPosition.x
      value: 4.9799995
      objectReference: {fileID: 0}
    - target: {fileID: 430828, guid: ade248290e90bae40b4a349101c343c8, type: 3}
      propertyPath: m_LocalPosition.y
      value: 0.53368807
      objectReference: {fileID: 0}
    - target: {fileID: 430828, guid: ade248290e90bae40b4a349101c343c8, type: 3}
      propertyPath: m_LocalPosition.z
      value: 4.9900017
      objectReference: {fileID: 0}
    - target: {fileID: 430828, guid: ade248290e90bae40b4a349101c343c8, type: 3}
      propertyPath: m_LocalRotation.w
      value: 1
      objectReference: {fileID: 0}
    - target: {fileID: 430828, guid: ade248290e90bae40b4a349101c343c8, type: 3}
      propertyPath: m_LocalRotation.x
      value: -0
      objectReference: {fileID: 0}
    - target: {fileID: 430828, guid: ade248290e90bae40b4a349101c343c8, type: 3}
      propertyPath: m_LocalRotation.y
      value: -0
      objectReference: {fileID: 0}
    - target: {fileID: 430828, guid: ade248290e90bae40b4a349101c343c8, type: 3}
      propertyPath: m_LocalRotation.z
      value: -0
      objectReference: {fileID: 0}
    - target: {fileID: 2395052, guid: ade248290e90bae40b4a349101c343c8, type: 3}
      propertyPath: m_Materials.Array.data[0]
      value: 
      objectReference: {fileID: 2100000, guid: c29d9dff2056b1543bbb70ec32427a62, type: 2}
    m_RemovedComponents: []
  m_SourcePrefab: {fileID: 100100000, guid: ade248290e90bae40b4a349101c343c8, type: 3}
--- !u!4 &8011300644396384948 stripped
Transform:
  m_CorrespondingSourceObject: {fileID: 430828, guid: ade248290e90bae40b4a349101c343c8, type: 3}
  m_PrefabInstance: {fileID: 8011300644396486744}
  m_PrefabAsset: {fileID: 0}
--- !u!1001 &8476469525975612854
PrefabInstance:
  m_ObjectHideFlags: 0
  serializedVersion: 2
  m_Modification:
    m_TransformParent: {fileID: 2481367544849016855}
    m_Modifications:
    - target: {fileID: 122404, guid: e23461d5897c315409d7a64adcd6f311, type: 3}
      propertyPath: m_Name
      value: SM_Bld_Apartment_Roof_31 (1)
      objectReference: {fileID: 0}
    - target: {fileID: 468242, guid: e23461d5897c315409d7a64adcd6f311, type: 3}
      propertyPath: m_RootOrder
      value: 3
      objectReference: {fileID: 0}
    - target: {fileID: 468242, guid: e23461d5897c315409d7a64adcd6f311, type: 3}
      propertyPath: m_LocalPosition.x
      value: -5.0200005
      objectReference: {fileID: 0}
    - target: {fileID: 468242, guid: e23461d5897c315409d7a64adcd6f311, type: 3}
      propertyPath: m_LocalPosition.y
      value: 12.533688
      objectReference: {fileID: 0}
    - target: {fileID: 468242, guid: e23461d5897c315409d7a64adcd6f311, type: 3}
      propertyPath: m_LocalPosition.z
      value: -5.0099983
      objectReference: {fileID: 0}
    - target: {fileID: 468242, guid: e23461d5897c315409d7a64adcd6f311, type: 3}
      propertyPath: m_LocalRotation.w
      value: 0.00000044703484
      objectReference: {fileID: 0}
    - target: {fileID: 468242, guid: e23461d5897c315409d7a64adcd6f311, type: 3}
      propertyPath: m_LocalRotation.x
      value: -0
      objectReference: {fileID: 0}
    - target: {fileID: 468242, guid: e23461d5897c315409d7a64adcd6f311, type: 3}
      propertyPath: m_LocalRotation.y
      value: 1
      objectReference: {fileID: 0}
    - target: {fileID: 468242, guid: e23461d5897c315409d7a64adcd6f311, type: 3}
      propertyPath: m_LocalRotation.z
      value: -0
      objectReference: {fileID: 0}
    m_RemovedComponents: []
  m_SourcePrefab: {fileID: 100100000, guid: e23461d5897c315409d7a64adcd6f311, type: 3}
--- !u!4 &8476469525975668900 stripped
Transform:
  m_CorrespondingSourceObject: {fileID: 468242, guid: e23461d5897c315409d7a64adcd6f311, type: 3}
  m_PrefabInstance: {fileID: 8476469525975612854}
  m_PrefabAsset: {fileID: 0}
