%YAML 1.1
%TAG !u! tag:unity3d.com,2011:
--- !u!1 &3489749725157813530
GameObject:
  m_ObjectHideFlags: 0
  m_CorrespondingSourceObject: {fileID: 0}
  m_PrefabInstance: {fileID: 0}
  m_PrefabAsset: {fileID: 0}
  serializedVersion: 6
  m_Component:
  - component: {fileID: 7409898220793031021}
  m_Layer: 0
  m_Name: RoadBottom
  m_TagString: Untagged
  m_Icon: {fileID: 0}
  m_NavMeshLayer: 0
  m_StaticEditorFlags: 0
  m_IsActive: 1
--- !u!4 &7409898220793031021
Transform:
  m_ObjectHideFlags: 0
  m_CorrespondingSourceObject: {fileID: 0}
  m_PrefabInstance: {fileID: 0}
  m_PrefabAsset: {fileID: 0}
  m_GameObject: {fileID: 3489749725157813530}
  m_LocalRotation: {x: 0, y: 0.7071068, z: 0, w: 0.7071068}
  m_LocalPosition: {x: 0, y: 0, z: 0}
  m_LocalScale: {x: 1, y: 1, z: 1}
  m_Children:
  - {fileID: 4661882167092470540}
  - {fileID: 3799389221993551971}
  - {fileID: 3728761036235496097}
  - {fileID: 1258460273039168911}
  - {fileID: 5039310476446117586}
  - {fileID: 439060388597039945}
  - {fileID: 6953276216255303538}
  - {fileID: 144160234137360772}
  - {fileID: 6632741876226959612}
  - {fileID: 1531773793920867890}
  - {fileID: 7173525446759443795}
  - {fileID: 1382549516498689945}
  - {fileID: 7253365304732633807}
  - {fileID: 8599482556761137992}
  - {fileID: 1519124419199320327}
  - {fileID: 1827686464257680855}
  - {fileID: 848490654908244528}
  - {fileID: 2402877769588637583}
  - {fileID: 1113567233577204852}
  - {fileID: 6502517183928110357}
  - {fileID: 7191733659670822926}
  m_Father: {fileID: 0}
  m_RootOrder: 0
  m_LocalEulerAnglesHint: {x: 0, y: 90, z: 0}
--- !u!1001 &144160234137054764
PrefabInstance:
  m_ObjectHideFlags: 0
  serializedVersion: 2
  m_Modification:
    m_TransformParent: {fileID: 7409898220793031021}
    m_Modifications:
    - target: {fileID: 159042, guid: 1ac8b9099f0c47e41a84ef1f2e41988c, type: 3}
      propertyPath: m_Name
      value: SM_Env_Road_21 (2)
      objectReference: {fileID: 0}
    - target: {fileID: 489384, guid: 1ac8b9099f0c47e41a84ef1f2e41988c, type: 3}
      propertyPath: m_RootOrder
      value: 7
      objectReference: {fileID: 0}
    - target: {fileID: 489384, guid: 1ac8b9099f0c47e41a84ef1f2e41988c, type: 3}
      propertyPath: m_LocalPosition.x
      value: 5
      objectReference: {fileID: 0}
    - target: {fileID: 489384, guid: 1ac8b9099f0c47e41a84ef1f2e41988c, type: 3}
      propertyPath: m_LocalPosition.y
      value: 0
      objectReference: {fileID: 0}
    - target: {fileID: 489384, guid: 1ac8b9099f0c47e41a84ef1f2e41988c, type: 3}
      propertyPath: m_LocalPosition.z
      value: 10
      objectReference: {fileID: 0}
    - target: {fileID: 489384, guid: 1ac8b9099f0c47e41a84ef1f2e41988c, type: 3}
      propertyPath: m_LocalRotation.w
      value: -1
      objectReference: {fileID: 0}
    - target: {fileID: 489384, guid: 1ac8b9099f0c47e41a84ef1f2e41988c, type: 3}
      propertyPath: m_LocalRotation.x
      value: -0
      objectReference: {fileID: 0}
    - target: {fileID: 489384, guid: 1ac8b9099f0c47e41a84ef1f2e41988c, type: 3}
      propertyPath: m_LocalRotation.y
      value: 0.0000045597553
      objectReference: {fileID: 0}
    - target: {fileID: 489384, guid: 1ac8b9099f0c47e41a84ef1f2e41988c, type: 3}
      propertyPath: m_LocalRotation.z
      value: -0
      objectReference: {fileID: 0}
    - target: {fileID: 489384, guid: 1ac8b9099f0c47e41a84ef1f2e41988c, type: 3}
      propertyPath: m_LocalEulerAnglesHint.x
      value: 0
      objectReference: {fileID: 0}
    - target: {fileID: 489384, guid: 1ac8b9099f0c47e41a84ef1f2e41988c, type: 3}
      propertyPath: m_LocalEulerAnglesHint.y
      value: 0
      objectReference: {fileID: 0}
    - target: {fileID: 489384, guid: 1ac8b9099f0c47e41a84ef1f2e41988c, type: 3}
      propertyPath: m_LocalEulerAnglesHint.z
      value: 0
      objectReference: {fileID: 0}
    - target: {fileID: 2391502, guid: 1ac8b9099f0c47e41a84ef1f2e41988c, type: 3}
      propertyPath: m_Materials.Array.data[0]
      value: 
      objectReference: {fileID: 2100000, guid: 9415d5fbf987e4d47b3c90bea3a0d824, type: 2}
    m_RemovedComponents:
    - {fileID: 65540268763204766, guid: 1ac8b9099f0c47e41a84ef1f2e41988c, type: 3}
  m_SourcePrefab: {fileID: 100100000, guid: 1ac8b9099f0c47e41a84ef1f2e41988c, type: 3}
--- !u!4 &144160234137360772 stripped
Transform:
  m_CorrespondingSourceObject: {fileID: 489384, guid: 1ac8b9099f0c47e41a84ef1f2e41988c, type: 3}
  m_PrefabInstance: {fileID: 144160234137054764}
  m_PrefabAsset: {fileID: 0}
--- !u!1001 &439060388596872417
PrefabInstance:
  m_ObjectHideFlags: 0
  serializedVersion: 2
  m_Modification:
    m_TransformParent: {fileID: 7409898220793031021}
    m_Modifications:
    - target: {fileID: 159042, guid: 1ac8b9099f0c47e41a84ef1f2e41988c, type: 3}
      propertyPath: m_Name
      value: SM_Env_Road_07 (1)
      objectReference: {fileID: 0}
    - target: {fileID: 489384, guid: 1ac8b9099f0c47e41a84ef1f2e41988c, type: 3}
      propertyPath: m_RootOrder
      value: 5
      objectReference: {fileID: 0}
    - target: {fileID: 489384, guid: 1ac8b9099f0c47e41a84ef1f2e41988c, type: 3}
      propertyPath: m_LocalPosition.x
      value: 5
      objectReference: {fileID: 0}
    - target: {fileID: 489384, guid: 1ac8b9099f0c47e41a84ef1f2e41988c, type: 3}
      propertyPath: m_LocalPosition.y
      value: 0
      objectReference: {fileID: 0}
    - target: {fileID: 489384, guid: 1ac8b9099f0c47e41a84ef1f2e41988c, type: 3}
      propertyPath: m_LocalPosition.z
      value: -5.0000005
      objectReference: {fileID: 0}
    - target: {fileID: 489384, guid: 1ac8b9099f0c47e41a84ef1f2e41988c, type: 3}
      propertyPath: m_LocalRotation.w
      value: -1
      objectReference: {fileID: 0}
    - target: {fileID: 489384, guid: 1ac8b9099f0c47e41a84ef1f2e41988c, type: 3}
      propertyPath: m_LocalRotation.x
      value: -0
      objectReference: {fileID: 0}
    - target: {fileID: 489384, guid: 1ac8b9099f0c47e41a84ef1f2e41988c, type: 3}
      propertyPath: m_LocalRotation.y
      value: 0.0000045597553
      objectReference: {fileID: 0}
    - target: {fileID: 489384, guid: 1ac8b9099f0c47e41a84ef1f2e41988c, type: 3}
      propertyPath: m_LocalRotation.z
      value: -0
      objectReference: {fileID: 0}
    - target: {fileID: 489384, guid: 1ac8b9099f0c47e41a84ef1f2e41988c, type: 3}
      propertyPath: m_LocalEulerAnglesHint.x
      value: 0
      objectReference: {fileID: 0}
    - target: {fileID: 489384, guid: 1ac8b9099f0c47e41a84ef1f2e41988c, type: 3}
      propertyPath: m_LocalEulerAnglesHint.y
      value: 0
      objectReference: {fileID: 0}
    - target: {fileID: 489384, guid: 1ac8b9099f0c47e41a84ef1f2e41988c, type: 3}
      propertyPath: m_LocalEulerAnglesHint.z
      value: 0
      objectReference: {fileID: 0}
    - target: {fileID: 2391502, guid: 1ac8b9099f0c47e41a84ef1f2e41988c, type: 3}
      propertyPath: m_Materials.Array.data[0]
      value: 
      objectReference: {fileID: 2100000, guid: 9415d5fbf987e4d47b3c90bea3a0d824, type: 2}
    m_RemovedComponents:
    - {fileID: 65540268763204766, guid: 1ac8b9099f0c47e41a84ef1f2e41988c, type: 3}
  m_SourcePrefab: {fileID: 100100000, guid: 1ac8b9099f0c47e41a84ef1f2e41988c, type: 3}
--- !u!4 &439060388597039945 stripped
Transform:
  m_CorrespondingSourceObject: {fileID: 489384, guid: 1ac8b9099f0c47e41a84ef1f2e41988c, type: 3}
  m_PrefabInstance: {fileID: 439060388596872417}
  m_PrefabAsset: {fileID: 0}
--- !u!1001 &848490654908290456
PrefabInstance:
  m_ObjectHideFlags: 0
  serializedVersion: 2
  m_Modification:
    m_TransformParent: {fileID: 7409898220793031021}
    m_Modifications:
    - target: {fileID: 159042, guid: 1ac8b9099f0c47e41a84ef1f2e41988c, type: 3}
      propertyPath: m_Name
      value: SM_Env_Road_21 (3)
      objectReference: {fileID: 0}
    - target: {fileID: 489384, guid: 1ac8b9099f0c47e41a84ef1f2e41988c, type: 3}
      propertyPath: m_RootOrder
      value: 16
      objectReference: {fileID: 0}
    - target: {fileID: 489384, guid: 1ac8b9099f0c47e41a84ef1f2e41988c, type: 3}
      propertyPath: m_LocalPosition.x
      value: 5.0000005
      objectReference: {fileID: 0}
    - target: {fileID: 489384, guid: 1ac8b9099f0c47e41a84ef1f2e41988c, type: 3}
      propertyPath: m_LocalPosition.y
      value: 0
      objectReference: {fileID: 0}
    - target: {fileID: 489384, guid: 1ac8b9099f0c47e41a84ef1f2e41988c, type: 3}
      propertyPath: m_LocalPosition.z
      value: 15.000002
      objectReference: {fileID: 0}
    - target: {fileID: 489384, guid: 1ac8b9099f0c47e41a84ef1f2e41988c, type: 3}
      propertyPath: m_LocalRotation.w
      value: -1
      objectReference: {fileID: 0}
    - target: {fileID: 489384, guid: 1ac8b9099f0c47e41a84ef1f2e41988c, type: 3}
      propertyPath: m_LocalRotation.x
      value: -0
      objectReference: {fileID: 0}
    - target: {fileID: 489384, guid: 1ac8b9099f0c47e41a84ef1f2e41988c, type: 3}
      propertyPath: m_LocalRotation.y
      value: 0.0000045597553
      objectReference: {fileID: 0}
    - target: {fileID: 489384, guid: 1ac8b9099f0c47e41a84ef1f2e41988c, type: 3}
      propertyPath: m_LocalRotation.z
      value: -0
      objectReference: {fileID: 0}
    - target: {fileID: 489384, guid: 1ac8b9099f0c47e41a84ef1f2e41988c, type: 3}
      propertyPath: m_LocalEulerAnglesHint.x
      value: 0
      objectReference: {fileID: 0}
    - target: {fileID: 489384, guid: 1ac8b9099f0c47e41a84ef1f2e41988c, type: 3}
      propertyPath: m_LocalEulerAnglesHint.y
      value: 0
      objectReference: {fileID: 0}
    - target: {fileID: 489384, guid: 1ac8b9099f0c47e41a84ef1f2e41988c, type: 3}
      propertyPath: m_LocalEulerAnglesHint.z
      value: 0
      objectReference: {fileID: 0}
    - target: {fileID: 2391502, guid: 1ac8b9099f0c47e41a84ef1f2e41988c, type: 3}
      propertyPath: m_Materials.Array.data[0]
      value: 
      objectReference: {fileID: 2100000, guid: 9415d5fbf987e4d47b3c90bea3a0d824, type: 2}
    m_RemovedComponents:
    - {fileID: 65540268763204766, guid: 1ac8b9099f0c47e41a84ef1f2e41988c, type: 3}
  m_SourcePrefab: {fileID: 100100000, guid: 1ac8b9099f0c47e41a84ef1f2e41988c, type: 3}
--- !u!4 &848490654908244528 stripped
Transform:
  m_CorrespondingSourceObject: {fileID: 489384, guid: 1ac8b9099f0c47e41a84ef1f2e41988c, type: 3}
  m_PrefabInstance: {fileID: 848490654908290456}
  m_PrefabAsset: {fileID: 0}
--- !u!1001 &1113567233577405404
PrefabInstance:
  m_ObjectHideFlags: 0
  serializedVersion: 2
  m_Modification:
    m_TransformParent: {fileID: 7409898220793031021}
    m_Modifications:
    - target: {fileID: 159042, guid: 1ac8b9099f0c47e41a84ef1f2e41988c, type: 3}
      propertyPath: m_Name
      value: SM_Env_Road_21 (4)
      objectReference: {fileID: 0}
    - target: {fileID: 489384, guid: 1ac8b9099f0c47e41a84ef1f2e41988c, type: 3}
      propertyPath: m_RootOrder
      value: 18
      objectReference: {fileID: 0}
    - target: {fileID: 489384, guid: 1ac8b9099f0c47e41a84ef1f2e41988c, type: 3}
      propertyPath: m_LocalPosition.x
      value: 5.0000005
      objectReference: {fileID: 0}
    - target: {fileID: 489384, guid: 1ac8b9099f0c47e41a84ef1f2e41988c, type: 3}
      propertyPath: m_LocalPosition.y
      value: 0
      objectReference: {fileID: 0}
    - target: {fileID: 489384, guid: 1ac8b9099f0c47e41a84ef1f2e41988c, type: 3}
      propertyPath: m_LocalPosition.z
      value: 20.000002
      objectReference: {fileID: 0}
    - target: {fileID: 489384, guid: 1ac8b9099f0c47e41a84ef1f2e41988c, type: 3}
      propertyPath: m_LocalRotation.w
      value: -1
      objectReference: {fileID: 0}
    - target: {fileID: 489384, guid: 1ac8b9099f0c47e41a84ef1f2e41988c, type: 3}
      propertyPath: m_LocalRotation.x
      value: -0
      objectReference: {fileID: 0}
    - target: {fileID: 489384, guid: 1ac8b9099f0c47e41a84ef1f2e41988c, type: 3}
      propertyPath: m_LocalRotation.y
      value: 0.0000045597553
      objectReference: {fileID: 0}
    - target: {fileID: 489384, guid: 1ac8b9099f0c47e41a84ef1f2e41988c, type: 3}
      propertyPath: m_LocalRotation.z
      value: -0
      objectReference: {fileID: 0}
    - target: {fileID: 489384, guid: 1ac8b9099f0c47e41a84ef1f2e41988c, type: 3}
      propertyPath: m_LocalEulerAnglesHint.x
      value: 0
      objectReference: {fileID: 0}
    - target: {fileID: 489384, guid: 1ac8b9099f0c47e41a84ef1f2e41988c, type: 3}
      propertyPath: m_LocalEulerAnglesHint.y
      value: 0
      objectReference: {fileID: 0}
    - target: {fileID: 489384, guid: 1ac8b9099f0c47e41a84ef1f2e41988c, type: 3}
      propertyPath: m_LocalEulerAnglesHint.z
      value: 0
      objectReference: {fileID: 0}
    - target: {fileID: 2391502, guid: 1ac8b9099f0c47e41a84ef1f2e41988c, type: 3}
      propertyPath: m_Materials.Array.data[0]
      value: 
      objectReference: {fileID: 2100000, guid: 9415d5fbf987e4d47b3c90bea3a0d824, type: 2}
    m_RemovedComponents:
    - {fileID: 65540268763204766, guid: 1ac8b9099f0c47e41a84ef1f2e41988c, type: 3}
  m_SourcePrefab: {fileID: 100100000, guid: 1ac8b9099f0c47e41a84ef1f2e41988c, type: 3}
--- !u!4 &1113567233577204852 stripped
Transform:
  m_CorrespondingSourceObject: {fileID: 489384, guid: 1ac8b9099f0c47e41a84ef1f2e41988c, type: 3}
  m_PrefabInstance: {fileID: 1113567233577405404}
  m_PrefabAsset: {fileID: 0}
--- !u!1001 &1258460273039614503
PrefabInstance:
  m_ObjectHideFlags: 0
  serializedVersion: 2
  m_Modification:
    m_TransformParent: {fileID: 7409898220793031021}
    m_Modifications:
    - target: {fileID: 159042, guid: 1ac8b9099f0c47e41a84ef1f2e41988c, type: 3}
      propertyPath: m_Name
      value: SM_Env_Road_18 (1)
      objectReference: {fileID: 0}
    - target: {fileID: 489384, guid: 1ac8b9099f0c47e41a84ef1f2e41988c, type: 3}
      propertyPath: m_RootOrder
      value: 3
      objectReference: {fileID: 0}
    - target: {fileID: 489384, guid: 1ac8b9099f0c47e41a84ef1f2e41988c, type: 3}
      propertyPath: m_LocalPosition.x
      value: 5
      objectReference: {fileID: 0}
    - target: {fileID: 489384, guid: 1ac8b9099f0c47e41a84ef1f2e41988c, type: 3}
      propertyPath: m_LocalPosition.y
      value: 0
      objectReference: {fileID: 0}
    - target: {fileID: 489384, guid: 1ac8b9099f0c47e41a84ef1f2e41988c, type: 3}
      propertyPath: m_LocalPosition.z
      value: -0.00000047683716
      objectReference: {fileID: 0}
    - target: {fileID: 489384, guid: 1ac8b9099f0c47e41a84ef1f2e41988c, type: 3}
      propertyPath: m_LocalRotation.w
      value: -1
      objectReference: {fileID: 0}
    - target: {fileID: 489384, guid: 1ac8b9099f0c47e41a84ef1f2e41988c, type: 3}
      propertyPath: m_LocalRotation.x
      value: -0
      objectReference: {fileID: 0}
    - target: {fileID: 489384, guid: 1ac8b9099f0c47e41a84ef1f2e41988c, type: 3}
      propertyPath: m_LocalRotation.y
      value: 0.0000045597553
      objectReference: {fileID: 0}
    - target: {fileID: 489384, guid: 1ac8b9099f0c47e41a84ef1f2e41988c, type: 3}
      propertyPath: m_LocalRotation.z
      value: -0
      objectReference: {fileID: 0}
    - target: {fileID: 489384, guid: 1ac8b9099f0c47e41a84ef1f2e41988c, type: 3}
      propertyPath: m_LocalEulerAnglesHint.x
      value: 0
      objectReference: {fileID: 0}
    - target: {fileID: 489384, guid: 1ac8b9099f0c47e41a84ef1f2e41988c, type: 3}
      propertyPath: m_LocalEulerAnglesHint.y
      value: 0
      objectReference: {fileID: 0}
    - target: {fileID: 489384, guid: 1ac8b9099f0c47e41a84ef1f2e41988c, type: 3}
      propertyPath: m_LocalEulerAnglesHint.z
      value: 0
      objectReference: {fileID: 0}
    - target: {fileID: 2391502, guid: 1ac8b9099f0c47e41a84ef1f2e41988c, type: 3}
      propertyPath: m_Materials.Array.data[0]
      value: 
      objectReference: {fileID: 2100000, guid: 9415d5fbf987e4d47b3c90bea3a0d824, type: 2}
    m_RemovedComponents:
    - {fileID: 65540268763204766, guid: 1ac8b9099f0c47e41a84ef1f2e41988c, type: 3}
  m_SourcePrefab: {fileID: 100100000, guid: 1ac8b9099f0c47e41a84ef1f2e41988c, type: 3}
--- !u!4 &1258460273039168911 stripped
Transform:
  m_CorrespondingSourceObject: {fileID: 489384, guid: 1ac8b9099f0c47e41a84ef1f2e41988c, type: 3}
  m_PrefabInstance: {fileID: 1258460273039614503}
  m_PrefabAsset: {fileID: 0}
--- !u!1001 &1382549516498852471
PrefabInstance:
  m_ObjectHideFlags: 0
  serializedVersion: 2
  m_Modification:
    m_TransformParent: {fileID: 7409898220793031021}
    m_Modifications:
    - target: {fileID: 493038, guid: dab5db0c0226560499e1021898aafb64, type: 3}
      propertyPath: m_RootOrder
      value: 11
      objectReference: {fileID: 0}
    - target: {fileID: 493038, guid: dab5db0c0226560499e1021898aafb64, type: 3}
      propertyPath: m_LocalPosition.x
      value: 5.0000005
      objectReference: {fileID: 0}
    - target: {fileID: 493038, guid: dab5db0c0226560499e1021898aafb64, type: 3}
      propertyPath: m_LocalPosition.y
      value: 0
      objectReference: {fileID: 0}
    - target: {fileID: 493038, guid: dab5db0c0226560499e1021898aafb64, type: 3}
      propertyPath: m_LocalPosition.z
      value: 40.000004
      objectReference: {fileID: 0}
    - target: {fileID: 493038, guid: dab5db0c0226560499e1021898aafb64, type: 3}
      propertyPath: m_LocalRotation.w
      value: 1
      objectReference: {fileID: 0}
    - target: {fileID: 493038, guid: dab5db0c0226560499e1021898aafb64, type: 3}
      propertyPath: m_LocalRotation.x
      value: 0
      objectReference: {fileID: 0}
    - target: {fileID: 493038, guid: dab5db0c0226560499e1021898aafb64, type: 3}
      propertyPath: m_LocalRotation.y
      value: 0
      objectReference: {fileID: 0}
    - target: {fileID: 493038, guid: dab5db0c0226560499e1021898aafb64, type: 3}
      propertyPath: m_LocalRotation.z
      value: 0
      objectReference: {fileID: 0}
    - target: {fileID: 2304996, guid: dab5db0c0226560499e1021898aafb64, type: 3}
      propertyPath: m_Materials.Array.data[0]
      value: 
      objectReference: {fileID: 2100000, guid: 9415d5fbf987e4d47b3c90bea3a0d824, type: 2}
    m_RemovedComponents:
    - {fileID: 65656172318749108, guid: dab5db0c0226560499e1021898aafb64, type: 3}
  m_SourcePrefab: {fileID: 100100000, guid: dab5db0c0226560499e1021898aafb64, type: 3}
--- !u!4 &1382549516498689945 stripped
Transform:
  m_CorrespondingSourceObject: {fileID: 493038, guid: dab5db0c0226560499e1021898aafb64, type: 3}
  m_PrefabInstance: {fileID: 1382549516498852471}
  m_PrefabAsset: {fileID: 0}
--- !u!1001 &1531773793920375772
PrefabInstance:
  m_ObjectHideFlags: 0
  serializedVersion: 2
  m_Modification:
    m_TransformParent: {fileID: 7409898220793031021}
    m_Modifications:
    - target: {fileID: 165012, guid: dab5db0c0226560499e1021898aafb64, type: 3}
      propertyPath: m_Name
      value: SM_Env_Road_Bare_04
      objectReference: {fileID: 0}
    - target: {fileID: 493038, guid: dab5db0c0226560499e1021898aafb64, type: 3}
      propertyPath: m_RootOrder
      value: 9
      objectReference: {fileID: 0}
    - target: {fileID: 493038, guid: dab5db0c0226560499e1021898aafb64, type: 3}
      propertyPath: m_LocalPosition.x
      value: -5.0000005
      objectReference: {fileID: 0}
    - target: {fileID: 493038, guid: dab5db0c0226560499e1021898aafb64, type: 3}
      propertyPath: m_LocalPosition.y
      value: 0
      objectReference: {fileID: 0}
    - target: {fileID: 493038, guid: dab5db0c0226560499e1021898aafb64, type: 3}
      propertyPath: m_LocalPosition.z
      value: 40.000004
      objectReference: {fileID: 0}
    - target: {fileID: 493038, guid: dab5db0c0226560499e1021898aafb64, type: 3}
      propertyPath: m_LocalRotation.w
      value: -0.7071043
      objectReference: {fileID: 0}
    - target: {fileID: 493038, guid: dab5db0c0226560499e1021898aafb64, type: 3}
      propertyPath: m_LocalRotation.x
      value: 0
      objectReference: {fileID: 0}
    - target: {fileID: 493038, guid: dab5db0c0226560499e1021898aafb64, type: 3}
      propertyPath: m_LocalRotation.y
      value: 0.7071092
      objectReference: {fileID: 0}
    - target: {fileID: 493038, guid: dab5db0c0226560499e1021898aafb64, type: 3}
      propertyPath: m_LocalRotation.z
      value: 0
      objectReference: {fileID: 0}
    - target: {fileID: 2304996, guid: dab5db0c0226560499e1021898aafb64, type: 3}
      propertyPath: m_Materials.Array.data[0]
      value: 
      objectReference: {fileID: 2100000, guid: 9415d5fbf987e4d47b3c90bea3a0d824, type: 2}
    m_RemovedComponents:
    - {fileID: 65656172318749108, guid: dab5db0c0226560499e1021898aafb64, type: 3}
  m_SourcePrefab: {fileID: 100100000, guid: dab5db0c0226560499e1021898aafb64, type: 3}
--- !u!4 &1531773793920867890 stripped
Transform:
  m_CorrespondingSourceObject: {fileID: 493038, guid: dab5db0c0226560499e1021898aafb64, type: 3}
  m_PrefabInstance: {fileID: 1531773793920375772}
  m_PrefabAsset: {fileID: 0}
--- !u!1001 &1827686464257331839
PrefabInstance:
  m_ObjectHideFlags: 0
  serializedVersion: 2
  m_Modification:
    m_TransformParent: {fileID: 7409898220793031021}
    m_Modifications:
    - target: {fileID: 159042, guid: 1ac8b9099f0c47e41a84ef1f2e41988c, type: 3}
      propertyPath: m_Name
      value: SM_Env_Road_20 (3)
      objectReference: {fileID: 0}
    - target: {fileID: 489384, guid: 1ac8b9099f0c47e41a84ef1f2e41988c, type: 3}
      propertyPath: m_RootOrder
      value: 15
      objectReference: {fileID: 0}
    - target: {fileID: 489384, guid: 1ac8b9099f0c47e41a84ef1f2e41988c, type: 3}
      propertyPath: m_LocalPosition.x
      value: -5.0000005
      objectReference: {fileID: 0}
    - target: {fileID: 489384, guid: 1ac8b9099f0c47e41a84ef1f2e41988c, type: 3}
      propertyPath: m_LocalPosition.y
      value: 0
      objectReference: {fileID: 0}
    - target: {fileID: 489384, guid: 1ac8b9099f0c47e41a84ef1f2e41988c, type: 3}
      propertyPath: m_LocalPosition.z
      value: 10
      objectReference: {fileID: 0}
    - target: {fileID: 489384, guid: 1ac8b9099f0c47e41a84ef1f2e41988c, type: 3}
      propertyPath: m_LocalRotation.w
      value: 0.000002324581
      objectReference: {fileID: 0}
    - target: {fileID: 489384, guid: 1ac8b9099f0c47e41a84ef1f2e41988c, type: 3}
      propertyPath: m_LocalRotation.x
      value: -0
      objectReference: {fileID: 0}
    - target: {fileID: 489384, guid: 1ac8b9099f0c47e41a84ef1f2e41988c, type: 3}
      propertyPath: m_LocalRotation.y
      value: 1
      objectReference: {fileID: 0}
    - target: {fileID: 489384, guid: 1ac8b9099f0c47e41a84ef1f2e41988c, type: 3}
      propertyPath: m_LocalRotation.z
      value: -0
      objectReference: {fileID: 0}
    - target: {fileID: 489384, guid: 1ac8b9099f0c47e41a84ef1f2e41988c, type: 3}
      propertyPath: m_LocalEulerAnglesHint.x
      value: 0
      objectReference: {fileID: 0}
    - target: {fileID: 489384, guid: 1ac8b9099f0c47e41a84ef1f2e41988c, type: 3}
      propertyPath: m_LocalEulerAnglesHint.y
      value: 0
      objectReference: {fileID: 0}
    - target: {fileID: 489384, guid: 1ac8b9099f0c47e41a84ef1f2e41988c, type: 3}
      propertyPath: m_LocalEulerAnglesHint.z
      value: 0
      objectReference: {fileID: 0}
    - target: {fileID: 2391502, guid: 1ac8b9099f0c47e41a84ef1f2e41988c, type: 3}
      propertyPath: m_Materials.Array.data[0]
      value: 
      objectReference: {fileID: 2100000, guid: 9415d5fbf987e4d47b3c90bea3a0d824, type: 2}
    m_RemovedComponents:
    - {fileID: 65540268763204766, guid: 1ac8b9099f0c47e41a84ef1f2e41988c, type: 3}
  m_SourcePrefab: {fileID: 100100000, guid: 1ac8b9099f0c47e41a84ef1f2e41988c, type: 3}
--- !u!4 &1827686464257680855 stripped
Transform:
  m_CorrespondingSourceObject: {fileID: 489384, guid: 1ac8b9099f0c47e41a84ef1f2e41988c, type: 3}
  m_PrefabInstance: {fileID: 1827686464257331839}
  m_PrefabAsset: {fileID: 0}
--- !u!1001 &2402877769588672551
PrefabInstance:
  m_ObjectHideFlags: 0
  serializedVersion: 2
  m_Modification:
    m_TransformParent: {fileID: 7409898220793031021}
    m_Modifications:
    - target: {fileID: 159042, guid: 1ac8b9099f0c47e41a84ef1f2e41988c, type: 3}
      propertyPath: m_Name
      value: SM_Env_Road_20 (4)
      objectReference: {fileID: 0}
    - target: {fileID: 489384, guid: 1ac8b9099f0c47e41a84ef1f2e41988c, type: 3}
      propertyPath: m_RootOrder
      value: 17
      objectReference: {fileID: 0}
    - target: {fileID: 489384, guid: 1ac8b9099f0c47e41a84ef1f2e41988c, type: 3}
      propertyPath: m_LocalPosition.x
      value: -5.0000005
      objectReference: {fileID: 0}
    - target: {fileID: 489384, guid: 1ac8b9099f0c47e41a84ef1f2e41988c, type: 3}
      propertyPath: m_LocalPosition.y
      value: 0
      objectReference: {fileID: 0}
    - target: {fileID: 489384, guid: 1ac8b9099f0c47e41a84ef1f2e41988c, type: 3}
      propertyPath: m_LocalPosition.z
      value: 15.000002
      objectReference: {fileID: 0}
    - target: {fileID: 489384, guid: 1ac8b9099f0c47e41a84ef1f2e41988c, type: 3}
      propertyPath: m_LocalRotation.w
      value: 0.000002324581
      objectReference: {fileID: 0}
    - target: {fileID: 489384, guid: 1ac8b9099f0c47e41a84ef1f2e41988c, type: 3}
      propertyPath: m_LocalRotation.x
      value: -0
      objectReference: {fileID: 0}
    - target: {fileID: 489384, guid: 1ac8b9099f0c47e41a84ef1f2e41988c, type: 3}
      propertyPath: m_LocalRotation.y
      value: 1
      objectReference: {fileID: 0}
    - target: {fileID: 489384, guid: 1ac8b9099f0c47e41a84ef1f2e41988c, type: 3}
      propertyPath: m_LocalRotation.z
      value: -0
      objectReference: {fileID: 0}
    - target: {fileID: 489384, guid: 1ac8b9099f0c47e41a84ef1f2e41988c, type: 3}
      propertyPath: m_LocalEulerAnglesHint.x
      value: 0
      objectReference: {fileID: 0}
    - target: {fileID: 489384, guid: 1ac8b9099f0c47e41a84ef1f2e41988c, type: 3}
      propertyPath: m_LocalEulerAnglesHint.y
      value: 0
      objectReference: {fileID: 0}
    - target: {fileID: 489384, guid: 1ac8b9099f0c47e41a84ef1f2e41988c, type: 3}
      propertyPath: m_LocalEulerAnglesHint.z
      value: 0
      objectReference: {fileID: 0}
    - target: {fileID: 2391502, guid: 1ac8b9099f0c47e41a84ef1f2e41988c, type: 3}
      propertyPath: m_Materials.Array.data[0]
      value: 
      objectReference: {fileID: 2100000, guid: 9415d5fbf987e4d47b3c90bea3a0d824, type: 2}
    m_RemovedComponents:
    - {fileID: 65540268763204766, guid: 1ac8b9099f0c47e41a84ef1f2e41988c, type: 3}
  m_SourcePrefab: {fileID: 100100000, guid: 1ac8b9099f0c47e41a84ef1f2e41988c, type: 3}
--- !u!4 &2402877769588637583 stripped
Transform:
  m_CorrespondingSourceObject: {fileID: 489384, guid: 1ac8b9099f0c47e41a84ef1f2e41988c, type: 3}
  m_PrefabInstance: {fileID: 2402877769588672551}
  m_PrefabAsset: {fileID: 0}
--- !u!1001 &3728761036235681033
PrefabInstance:
  m_ObjectHideFlags: 0
  serializedVersion: 2
  m_Modification:
    m_TransformParent: {fileID: 7409898220793031021}
    m_Modifications:
    - target: {fileID: 159042, guid: 1ac8b9099f0c47e41a84ef1f2e41988c, type: 3}
      propertyPath: m_Name
      value: SM_Env_Road_06 (1)
      objectReference: {fileID: 0}
    - target: {fileID: 489384, guid: 1ac8b9099f0c47e41a84ef1f2e41988c, type: 3}
      propertyPath: m_RootOrder
      value: 2
      objectReference: {fileID: 0}
    - target: {fileID: 489384, guid: 1ac8b9099f0c47e41a84ef1f2e41988c, type: 3}
      propertyPath: m_LocalPosition.x
      value: -5
      objectReference: {fileID: 0}
    - target: {fileID: 489384, guid: 1ac8b9099f0c47e41a84ef1f2e41988c, type: 3}
      propertyPath: m_LocalPosition.y
      value: 0
      objectReference: {fileID: 0}
    - target: {fileID: 489384, guid: 1ac8b9099f0c47e41a84ef1f2e41988c, type: 3}
      propertyPath: m_LocalPosition.z
      value: -10
      objectReference: {fileID: 0}
    - target: {fileID: 489384, guid: 1ac8b9099f0c47e41a84ef1f2e41988c, type: 3}
      propertyPath: m_LocalRotation.w
      value: 0.000002324581
      objectReference: {fileID: 0}
    - target: {fileID: 489384, guid: 1ac8b9099f0c47e41a84ef1f2e41988c, type: 3}
      propertyPath: m_LocalRotation.x
      value: -0
      objectReference: {fileID: 0}
    - target: {fileID: 489384, guid: 1ac8b9099f0c47e41a84ef1f2e41988c, type: 3}
      propertyPath: m_LocalRotation.y
      value: 1
      objectReference: {fileID: 0}
    - target: {fileID: 489384, guid: 1ac8b9099f0c47e41a84ef1f2e41988c, type: 3}
      propertyPath: m_LocalRotation.z
      value: -0
      objectReference: {fileID: 0}
    - target: {fileID: 489384, guid: 1ac8b9099f0c47e41a84ef1f2e41988c, type: 3}
      propertyPath: m_LocalEulerAnglesHint.x
      value: 0
      objectReference: {fileID: 0}
    - target: {fileID: 489384, guid: 1ac8b9099f0c47e41a84ef1f2e41988c, type: 3}
      propertyPath: m_LocalEulerAnglesHint.y
      value: 0
      objectReference: {fileID: 0}
    - target: {fileID: 489384, guid: 1ac8b9099f0c47e41a84ef1f2e41988c, type: 3}
      propertyPath: m_LocalEulerAnglesHint.z
      value: 0
      objectReference: {fileID: 0}
    - target: {fileID: 2391502, guid: 1ac8b9099f0c47e41a84ef1f2e41988c, type: 3}
      propertyPath: m_Materials.Array.data[0]
      value: 
      objectReference: {fileID: 2100000, guid: 9415d5fbf987e4d47b3c90bea3a0d824, type: 2}
    m_RemovedComponents:
    - {fileID: 65540268763204766, guid: 1ac8b9099f0c47e41a84ef1f2e41988c, type: 3}
  m_SourcePrefab: {fileID: 100100000, guid: 1ac8b9099f0c47e41a84ef1f2e41988c, type: 3}
--- !u!4 &3728761036235496097 stripped
Transform:
  m_CorrespondingSourceObject: {fileID: 489384, guid: 1ac8b9099f0c47e41a84ef1f2e41988c, type: 3}
  m_PrefabInstance: {fileID: 3728761036235681033}
  m_PrefabAsset: {fileID: 0}
--- !u!1001 &3799389221993115595
PrefabInstance:
  m_ObjectHideFlags: 0
  serializedVersion: 2
  m_Modification:
    m_TransformParent: {fileID: 7409898220793031021}
    m_Modifications:
    - target: {fileID: 159042, guid: 1ac8b9099f0c47e41a84ef1f2e41988c, type: 3}
      propertyPath: m_Name
      value: SM_Env_Road_19 (1)
      objectReference: {fileID: 0}
    - target: {fileID: 489384, guid: 1ac8b9099f0c47e41a84ef1f2e41988c, type: 3}
      propertyPath: m_RootOrder
      value: 1
      objectReference: {fileID: 0}
    - target: {fileID: 489384, guid: 1ac8b9099f0c47e41a84ef1f2e41988c, type: 3}
      propertyPath: m_LocalPosition.x
      value: -5
      objectReference: {fileID: 0}
    - target: {fileID: 489384, guid: 1ac8b9099f0c47e41a84ef1f2e41988c, type: 3}
      propertyPath: m_LocalPosition.y
      value: 0
      objectReference: {fileID: 0}
    - target: {fileID: 489384, guid: 1ac8b9099f0c47e41a84ef1f2e41988c, type: 3}
      propertyPath: m_LocalPosition.z
      value: -5.0000005
      objectReference: {fileID: 0}
    - target: {fileID: 489384, guid: 1ac8b9099f0c47e41a84ef1f2e41988c, type: 3}
      propertyPath: m_LocalRotation.w
      value: 0.000002324581
      objectReference: {fileID: 0}
    - target: {fileID: 489384, guid: 1ac8b9099f0c47e41a84ef1f2e41988c, type: 3}
      propertyPath: m_LocalRotation.x
      value: -0
      objectReference: {fileID: 0}
    - target: {fileID: 489384, guid: 1ac8b9099f0c47e41a84ef1f2e41988c, type: 3}
      propertyPath: m_LocalRotation.y
      value: 1
      objectReference: {fileID: 0}
    - target: {fileID: 489384, guid: 1ac8b9099f0c47e41a84ef1f2e41988c, type: 3}
      propertyPath: m_LocalRotation.z
      value: -0
      objectReference: {fileID: 0}
    - target: {fileID: 489384, guid: 1ac8b9099f0c47e41a84ef1f2e41988c, type: 3}
      propertyPath: m_LocalEulerAnglesHint.x
      value: 0
      objectReference: {fileID: 0}
    - target: {fileID: 489384, guid: 1ac8b9099f0c47e41a84ef1f2e41988c, type: 3}
      propertyPath: m_LocalEulerAnglesHint.y
      value: 0
      objectReference: {fileID: 0}
    - target: {fileID: 489384, guid: 1ac8b9099f0c47e41a84ef1f2e41988c, type: 3}
      propertyPath: m_LocalEulerAnglesHint.z
      value: 0
      objectReference: {fileID: 0}
    - target: {fileID: 2391502, guid: 1ac8b9099f0c47e41a84ef1f2e41988c, type: 3}
      propertyPath: m_Materials.Array.data[0]
      value: 
      objectReference: {fileID: 2100000, guid: 9415d5fbf987e4d47b3c90bea3a0d824, type: 2}
    m_RemovedComponents:
    - {fileID: 65540268763204766, guid: 1ac8b9099f0c47e41a84ef1f2e41988c, type: 3}
  m_SourcePrefab: {fileID: 100100000, guid: 1ac8b9099f0c47e41a84ef1f2e41988c, type: 3}
--- !u!4 &3799389221993551971 stripped
Transform:
  m_CorrespondingSourceObject: {fileID: 489384, guid: 1ac8b9099f0c47e41a84ef1f2e41988c, type: 3}
  m_PrefabInstance: {fileID: 3799389221993115595}
  m_PrefabAsset: {fileID: 0}
--- !u!1001 &4661882167092122788
PrefabInstance:
  m_ObjectHideFlags: 0
  serializedVersion: 2
  m_Modification:
    m_TransformParent: {fileID: 7409898220793031021}
    m_Modifications:
    - target: {fileID: 159042, guid: 1ac8b9099f0c47e41a84ef1f2e41988c, type: 3}
      propertyPath: m_Name
      value: SM_Env_Road_20 (1)
      objectReference: {fileID: 0}
    - target: {fileID: 489384, guid: 1ac8b9099f0c47e41a84ef1f2e41988c, type: 3}
      propertyPath: m_RootOrder
      value: 0
      objectReference: {fileID: 0}
    - target: {fileID: 489384, guid: 1ac8b9099f0c47e41a84ef1f2e41988c, type: 3}
      propertyPath: m_LocalPosition.x
      value: -5
      objectReference: {fileID: 0}
    - target: {fileID: 489384, guid: 1ac8b9099f0c47e41a84ef1f2e41988c, type: 3}
      propertyPath: m_LocalPosition.y
      value: 0
      objectReference: {fileID: 0}
    - target: {fileID: 489384, guid: 1ac8b9099f0c47e41a84ef1f2e41988c, type: 3}
      propertyPath: m_LocalPosition.z
      value: -0.000000461936
      objectReference: {fileID: 0}
    - target: {fileID: 489384, guid: 1ac8b9099f0c47e41a84ef1f2e41988c, type: 3}
      propertyPath: m_LocalRotation.w
      value: 0.000002324581
      objectReference: {fileID: 0}
    - target: {fileID: 489384, guid: 1ac8b9099f0c47e41a84ef1f2e41988c, type: 3}
      propertyPath: m_LocalRotation.x
      value: -0
      objectReference: {fileID: 0}
    - target: {fileID: 489384, guid: 1ac8b9099f0c47e41a84ef1f2e41988c, type: 3}
      propertyPath: m_LocalRotation.y
      value: 1
      objectReference: {fileID: 0}
    - target: {fileID: 489384, guid: 1ac8b9099f0c47e41a84ef1f2e41988c, type: 3}
      propertyPath: m_LocalRotation.z
      value: -0
      objectReference: {fileID: 0}
    - target: {fileID: 489384, guid: 1ac8b9099f0c47e41a84ef1f2e41988c, type: 3}
      propertyPath: m_LocalEulerAnglesHint.x
      value: 0
      objectReference: {fileID: 0}
    - target: {fileID: 489384, guid: 1ac8b9099f0c47e41a84ef1f2e41988c, type: 3}
      propertyPath: m_LocalEulerAnglesHint.y
      value: 0
      objectReference: {fileID: 0}
    - target: {fileID: 489384, guid: 1ac8b9099f0c47e41a84ef1f2e41988c, type: 3}
      propertyPath: m_LocalEulerAnglesHint.z
      value: 0
      objectReference: {fileID: 0}
    - target: {fileID: 2391502, guid: 1ac8b9099f0c47e41a84ef1f2e41988c, type: 3}
      propertyPath: m_Materials.Array.data[0]
      value: 
      objectReference: {fileID: 2100000, guid: 9415d5fbf987e4d47b3c90bea3a0d824, type: 2}
    m_RemovedComponents:
    - {fileID: 65540268763204766, guid: 1ac8b9099f0c47e41a84ef1f2e41988c, type: 3}
  m_SourcePrefab: {fileID: 100100000, guid: 1ac8b9099f0c47e41a84ef1f2e41988c, type: 3}
--- !u!4 &4661882167092470540 stripped
Transform:
  m_CorrespondingSourceObject: {fileID: 489384, guid: 1ac8b9099f0c47e41a84ef1f2e41988c, type: 3}
  m_PrefabInstance: {fileID: 4661882167092122788}
  m_PrefabAsset: {fileID: 0}
--- !u!1001 &5039310476446456186
PrefabInstance:
  m_ObjectHideFlags: 0
  serializedVersion: 2
  m_Modification:
    m_TransformParent: {fileID: 7409898220793031021}
    m_Modifications:
    - target: {fileID: 159042, guid: 1ac8b9099f0c47e41a84ef1f2e41988c, type: 3}
      propertyPath: m_Name
      value: SM_Env_Road_21 (1)
      objectReference: {fileID: 0}
    - target: {fileID: 489384, guid: 1ac8b9099f0c47e41a84ef1f2e41988c, type: 3}
      propertyPath: m_RootOrder
      value: 4
      objectReference: {fileID: 0}
    - target: {fileID: 489384, guid: 1ac8b9099f0c47e41a84ef1f2e41988c, type: 3}
      propertyPath: m_LocalPosition.x
      value: 5
      objectReference: {fileID: 0}
    - target: {fileID: 489384, guid: 1ac8b9099f0c47e41a84ef1f2e41988c, type: 3}
      propertyPath: m_LocalPosition.y
      value: 0
      objectReference: {fileID: 0}
    - target: {fileID: 489384, guid: 1ac8b9099f0c47e41a84ef1f2e41988c, type: 3}
      propertyPath: m_LocalPosition.z
      value: 4.9999995
      objectReference: {fileID: 0}
    - target: {fileID: 489384, guid: 1ac8b9099f0c47e41a84ef1f2e41988c, type: 3}
      propertyPath: m_LocalRotation.w
      value: -1
      objectReference: {fileID: 0}
    - target: {fileID: 489384, guid: 1ac8b9099f0c47e41a84ef1f2e41988c, type: 3}
      propertyPath: m_LocalRotation.x
      value: -0
      objectReference: {fileID: 0}
    - target: {fileID: 489384, guid: 1ac8b9099f0c47e41a84ef1f2e41988c, type: 3}
      propertyPath: m_LocalRotation.y
      value: 0.0000045597553
      objectReference: {fileID: 0}
    - target: {fileID: 489384, guid: 1ac8b9099f0c47e41a84ef1f2e41988c, type: 3}
      propertyPath: m_LocalRotation.z
      value: -0
      objectReference: {fileID: 0}
    - target: {fileID: 489384, guid: 1ac8b9099f0c47e41a84ef1f2e41988c, type: 3}
      propertyPath: m_LocalEulerAnglesHint.x
      value: 0
      objectReference: {fileID: 0}
    - target: {fileID: 489384, guid: 1ac8b9099f0c47e41a84ef1f2e41988c, type: 3}
      propertyPath: m_LocalEulerAnglesHint.y
      value: 0
      objectReference: {fileID: 0}
    - target: {fileID: 489384, guid: 1ac8b9099f0c47e41a84ef1f2e41988c, type: 3}
      propertyPath: m_LocalEulerAnglesHint.z
      value: 0
      objectReference: {fileID: 0}
    - target: {fileID: 2391502, guid: 1ac8b9099f0c47e41a84ef1f2e41988c, type: 3}
      propertyPath: m_Materials.Array.data[0]
      value: 
      objectReference: {fileID: 2100000, guid: 9415d5fbf987e4d47b3c90bea3a0d824, type: 2}
    m_RemovedComponents:
    - {fileID: 65540268763204766, guid: 1ac8b9099f0c47e41a84ef1f2e41988c, type: 3}
  m_SourcePrefab: {fileID: 100100000, guid: 1ac8b9099f0c47e41a84ef1f2e41988c, type: 3}
--- !u!4 &5039310476446117586 stripped
Transform:
  m_CorrespondingSourceObject: {fileID: 489384, guid: 1ac8b9099f0c47e41a84ef1f2e41988c, type: 3}
  m_PrefabInstance: {fileID: 5039310476446456186}
  m_PrefabAsset: {fileID: 0}
--- !u!1001 &5157596423023587025
PrefabInstance:
  m_ObjectHideFlags: 0
  serializedVersion: 2
  m_Modification:
    m_TransformParent: {fileID: 7409898220793031021}
    m_Modifications:
    - target: {fileID: 2538437884124210206, guid: 48aac828f5d08f34581f235f923b9cc8, type: 3}
      propertyPath: m_RootOrder
      value: 12
      objectReference: {fileID: 0}
    - target: {fileID: 2538437884124210206, guid: 48aac828f5d08f34581f235f923b9cc8, type: 3}
      propertyPath: m_LocalScale.x
      value: 1
      objectReference: {fileID: 0}
    - target: {fileID: 2538437884124210206, guid: 48aac828f5d08f34581f235f923b9cc8, type: 3}
      propertyPath: m_LocalScale.z
      value: 1
      objectReference: {fileID: 0}
    - target: {fileID: 2538437884124210206, guid: 48aac828f5d08f34581f235f923b9cc8, type: 3}
      propertyPath: m_LocalPosition.x
      value: 5.0000005
      objectReference: {fileID: 0}
    - target: {fileID: 2538437884124210206, guid: 48aac828f5d08f34581f235f923b9cc8, type: 3}
      propertyPath: m_LocalPosition.y
      value: 0.0000038146973
      objectReference: {fileID: 0}
    - target: {fileID: 2538437884124210206, guid: 48aac828f5d08f34581f235f923b9cc8, type: 3}
      propertyPath: m_LocalPosition.z
      value: 25.000002
      objectReference: {fileID: 0}
    - target: {fileID: 2538437884124210206, guid: 48aac828f5d08f34581f235f923b9cc8, type: 3}
      propertyPath: m_LocalRotation.w
      value: 1
      objectReference: {fileID: 0}
    - target: {fileID: 2538437884124210206, guid: 48aac828f5d08f34581f235f923b9cc8, type: 3}
      propertyPath: m_LocalRotation.x
      value: 0
      objectReference: {fileID: 0}
    - target: {fileID: 2538437884124210206, guid: 48aac828f5d08f34581f235f923b9cc8, type: 3}
      propertyPath: m_LocalRotation.y
      value: 0
      objectReference: {fileID: 0}
    - target: {fileID: 2538437884124210206, guid: 48aac828f5d08f34581f235f923b9cc8, type: 3}
      propertyPath: m_LocalRotation.z
      value: 0
      objectReference: {fileID: 0}
    - target: {fileID: 2538437884124210206, guid: 48aac828f5d08f34581f235f923b9cc8, type: 3}
      propertyPath: m_LocalEulerAnglesHint.x
      value: 0
      objectReference: {fileID: 0}
    - target: {fileID: 2538437884124210206, guid: 48aac828f5d08f34581f235f923b9cc8, type: 3}
      propertyPath: m_LocalEulerAnglesHint.y
      value: 0
      objectReference: {fileID: 0}
    - target: {fileID: 2538437884124210206, guid: 48aac828f5d08f34581f235f923b9cc8, type: 3}
      propertyPath: m_LocalEulerAnglesHint.z
      value: 0
      objectReference: {fileID: 0}
    - target: {fileID: 3114444994754144369, guid: 48aac828f5d08f34581f235f923b9cc8, type: 3}
      propertyPath: m_Name
      value: Crossing
      objectReference: {fileID: 0}
    m_RemovedComponents:
    - {fileID: 3229405512944912606, guid: 48aac828f5d08f34581f235f923b9cc8, type: 3}
    - {fileID: 6839347024379038365, guid: 48aac828f5d08f34581f235f923b9cc8, type: 3}
  m_SourcePrefab: {fileID: 100100000, guid: 48aac828f5d08f34581f235f923b9cc8, type: 3}
--- !u!4 &7253365304732633807 stripped
Transform:
  m_CorrespondingSourceObject: {fileID: 2538437884124210206, guid: 48aac828f5d08f34581f235f923b9cc8, type: 3}
  m_PrefabInstance: {fileID: 5157596423023587025}
  m_PrefabAsset: {fileID: 0}
--- !u!1001 &6083562775197796182
PrefabInstance:
  m_ObjectHideFlags: 0
  serializedVersion: 2
  m_Modification:
    m_TransformParent: {fileID: 7409898220793031021}
    m_Modifications:
    - target: {fileID: 2538437884124210206, guid: 48aac828f5d08f34581f235f923b9cc8, type: 3}
      propertyPath: m_RootOrder
      value: 13
      objectReference: {fileID: 0}
    - target: {fileID: 2538437884124210206, guid: 48aac828f5d08f34581f235f923b9cc8, type: 3}
      propertyPath: m_LocalScale.x
      value: 1
      objectReference: {fileID: 0}
    - target: {fileID: 2538437884124210206, guid: 48aac828f5d08f34581f235f923b9cc8, type: 3}
      propertyPath: m_LocalScale.z
      value: 1
      objectReference: {fileID: 0}
    - target: {fileID: 2538437884124210206, guid: 48aac828f5d08f34581f235f923b9cc8, type: 3}
      propertyPath: m_LocalPosition.x
      value: 5.0000005
      objectReference: {fileID: 0}
    - target: {fileID: 2538437884124210206, guid: 48aac828f5d08f34581f235f923b9cc8, type: 3}
      propertyPath: m_LocalPosition.y
      value: 0.0000038146973
      objectReference: {fileID: 0}
    - target: {fileID: 2538437884124210206, guid: 48aac828f5d08f34581f235f923b9cc8, type: 3}
      propertyPath: m_LocalPosition.z
      value: -15.000002
      objectReference: {fileID: 0}
    - target: {fileID: 2538437884124210206, guid: 48aac828f5d08f34581f235f923b9cc8, type: 3}
      propertyPath: m_LocalRotation.w
      value: 1
      objectReference: {fileID: 0}
    - target: {fileID: 2538437884124210206, guid: 48aac828f5d08f34581f235f923b9cc8, type: 3}
      propertyPath: m_LocalRotation.x
      value: 0
      objectReference: {fileID: 0}
    - target: {fileID: 2538437884124210206, guid: 48aac828f5d08f34581f235f923b9cc8, type: 3}
      propertyPath: m_LocalRotation.y
      value: 0
      objectReference: {fileID: 0}
    - target: {fileID: 2538437884124210206, guid: 48aac828f5d08f34581f235f923b9cc8, type: 3}
      propertyPath: m_LocalRotation.z
      value: 0
      objectReference: {fileID: 0}
    - target: {fileID: 2538437884124210206, guid: 48aac828f5d08f34581f235f923b9cc8, type: 3}
      propertyPath: m_LocalEulerAnglesHint.x
      value: 0
      objectReference: {fileID: 0}
    - target: {fileID: 2538437884124210206, guid: 48aac828f5d08f34581f235f923b9cc8, type: 3}
      propertyPath: m_LocalEulerAnglesHint.y
      value: 0
      objectReference: {fileID: 0}
    - target: {fileID: 2538437884124210206, guid: 48aac828f5d08f34581f235f923b9cc8, type: 3}
      propertyPath: m_LocalEulerAnglesHint.z
      value: 0
      objectReference: {fileID: 0}
    - target: {fileID: 3114444994754144369, guid: 48aac828f5d08f34581f235f923b9cc8, type: 3}
      propertyPath: m_Name
      value: Crossing (1)
      objectReference: {fileID: 0}
    m_RemovedComponents:
    - {fileID: 3229405512944912606, guid: 48aac828f5d08f34581f235f923b9cc8, type: 3}
    - {fileID: 6839347024379038365, guid: 48aac828f5d08f34581f235f923b9cc8, type: 3}
  m_SourcePrefab: {fileID: 100100000, guid: 48aac828f5d08f34581f235f923b9cc8, type: 3}
--- !u!4 &8599482556761137992 stripped
Transform:
  m_CorrespondingSourceObject: {fileID: 2538437884124210206, guid: 48aac828f5d08f34581f235f923b9cc8, type: 3}
  m_PrefabInstance: {fileID: 6083562775197796182}
  m_PrefabAsset: {fileID: 0}
--- !u!1001 &6502517183928597181
PrefabInstance:
  m_ObjectHideFlags: 0
  serializedVersion: 2
  m_Modification:
    m_TransformParent: {fileID: 7409898220793031021}
    m_Modifications:
    - target: {fileID: 159042, guid: 1ac8b9099f0c47e41a84ef1f2e41988c, type: 3}
      propertyPath: m_Name
      value: SM_Env_Road_20 (5)
      objectReference: {fileID: 0}
    - target: {fileID: 489384, guid: 1ac8b9099f0c47e41a84ef1f2e41988c, type: 3}
      propertyPath: m_RootOrder
      value: 19
      objectReference: {fileID: 0}
    - target: {fileID: 489384, guid: 1ac8b9099f0c47e41a84ef1f2e41988c, type: 3}
      propertyPath: m_LocalPosition.x
      value: -5.0000005
      objectReference: {fileID: 0}
    - target: {fileID: 489384, guid: 1ac8b9099f0c47e41a84ef1f2e41988c, type: 3}
      propertyPath: m_LocalPosition.y
      value: 0
      objectReference: {fileID: 0}
    - target: {fileID: 489384, guid: 1ac8b9099f0c47e41a84ef1f2e41988c, type: 3}
      propertyPath: m_LocalPosition.z
      value: 20.000002
      objectReference: {fileID: 0}
    - target: {fileID: 489384, guid: 1ac8b9099f0c47e41a84ef1f2e41988c, type: 3}
      propertyPath: m_LocalRotation.w
      value: 0.000002324581
      objectReference: {fileID: 0}
    - target: {fileID: 489384, guid: 1ac8b9099f0c47e41a84ef1f2e41988c, type: 3}
      propertyPath: m_LocalRotation.x
      value: -0
      objectReference: {fileID: 0}
    - target: {fileID: 489384, guid: 1ac8b9099f0c47e41a84ef1f2e41988c, type: 3}
      propertyPath: m_LocalRotation.y
      value: 1
      objectReference: {fileID: 0}
    - target: {fileID: 489384, guid: 1ac8b9099f0c47e41a84ef1f2e41988c, type: 3}
      propertyPath: m_LocalRotation.z
      value: -0
      objectReference: {fileID: 0}
    - target: {fileID: 489384, guid: 1ac8b9099f0c47e41a84ef1f2e41988c, type: 3}
      propertyPath: m_LocalEulerAnglesHint.x
      value: 0
      objectReference: {fileID: 0}
    - target: {fileID: 489384, guid: 1ac8b9099f0c47e41a84ef1f2e41988c, type: 3}
      propertyPath: m_LocalEulerAnglesHint.y
      value: 0
      objectReference: {fileID: 0}
    - target: {fileID: 489384, guid: 1ac8b9099f0c47e41a84ef1f2e41988c, type: 3}
      propertyPath: m_LocalEulerAnglesHint.z
      value: 0
      objectReference: {fileID: 0}
    - target: {fileID: 2391502, guid: 1ac8b9099f0c47e41a84ef1f2e41988c, type: 3}
      propertyPath: m_Materials.Array.data[0]
      value: 
      objectReference: {fileID: 2100000, guid: 9415d5fbf987e4d47b3c90bea3a0d824, type: 2}
    m_RemovedComponents:
    - {fileID: 65540268763204766, guid: 1ac8b9099f0c47e41a84ef1f2e41988c, type: 3}
  m_SourcePrefab: {fileID: 100100000, guid: 1ac8b9099f0c47e41a84ef1f2e41988c, type: 3}
--- !u!4 &6502517183928110357 stripped
Transform:
  m_CorrespondingSourceObject: {fileID: 489384, guid: 1ac8b9099f0c47e41a84ef1f2e41988c, type: 3}
  m_PrefabInstance: {fileID: 6502517183928597181}
  m_PrefabAsset: {fileID: 0}
--- !u!1001 &6632741876226731282
PrefabInstance:
  m_ObjectHideFlags: 0
  serializedVersion: 2
  m_Modification:
    m_TransformParent: {fileID: 7409898220793031021}
    m_Modifications:
    - target: {fileID: 165012, guid: dab5db0c0226560499e1021898aafb64, type: 3}
      propertyPath: m_Name
      value: SM_Env_Road_Bare_03
      objectReference: {fileID: 0}
    - target: {fileID: 493038, guid: dab5db0c0226560499e1021898aafb64, type: 3}
      propertyPath: m_RootOrder
      value: 8
      objectReference: {fileID: 0}
    - target: {fileID: 493038, guid: dab5db0c0226560499e1021898aafb64, type: 3}
      propertyPath: m_LocalPosition.x
      value: 5.0000005
      objectReference: {fileID: 0}
    - target: {fileID: 493038, guid: dab5db0c0226560499e1021898aafb64, type: 3}
      propertyPath: m_LocalPosition.y
      value: 0
      objectReference: {fileID: 0}
    - target: {fileID: 493038, guid: dab5db0c0226560499e1021898aafb64, type: 3}
      propertyPath: m_LocalPosition.z
      value: 35.000004
      objectReference: {fileID: 0}
    - target: {fileID: 493038, guid: dab5db0c0226560499e1021898aafb64, type: 3}
      propertyPath: m_LocalRotation.w
      value: 1
      objectReference: {fileID: 0}
    - target: {fileID: 493038, guid: dab5db0c0226560499e1021898aafb64, type: 3}
      propertyPath: m_LocalRotation.x
      value: 0
      objectReference: {fileID: 0}
    - target: {fileID: 493038, guid: dab5db0c0226560499e1021898aafb64, type: 3}
      propertyPath: m_LocalRotation.y
      value: 0
      objectReference: {fileID: 0}
    - target: {fileID: 493038, guid: dab5db0c0226560499e1021898aafb64, type: 3}
      propertyPath: m_LocalRotation.z
      value: 0
      objectReference: {fileID: 0}
    - target: {fileID: 2304996, guid: dab5db0c0226560499e1021898aafb64, type: 3}
      propertyPath: m_Materials.Array.data[0]
      value: 
      objectReference: {fileID: 2100000, guid: 9415d5fbf987e4d47b3c90bea3a0d824, type: 2}
    m_RemovedComponents:
    - {fileID: 65656172318749108, guid: dab5db0c0226560499e1021898aafb64, type: 3}
  m_SourcePrefab: {fileID: 100100000, guid: dab5db0c0226560499e1021898aafb64, type: 3}
--- !u!4 &6632741876226959612 stripped
Transform:
  m_CorrespondingSourceObject: {fileID: 493038, guid: dab5db0c0226560499e1021898aafb64, type: 3}
  m_PrefabInstance: {fileID: 6632741876226731282}
  m_PrefabAsset: {fileID: 0}
--- !u!1001 &6953276216255625434
PrefabInstance:
  m_ObjectHideFlags: 0
  serializedVersion: 2
  m_Modification:
    m_TransformParent: {fileID: 7409898220793031021}
    m_Modifications:
    - target: {fileID: 159042, guid: 1ac8b9099f0c47e41a84ef1f2e41988c, type: 3}
      propertyPath: m_Name
      value: SM_Env_Road_20 (2)
      objectReference: {fileID: 0}
    - target: {fileID: 489384, guid: 1ac8b9099f0c47e41a84ef1f2e41988c, type: 3}
      propertyPath: m_RootOrder
      value: 6
      objectReference: {fileID: 0}
    - target: {fileID: 489384, guid: 1ac8b9099f0c47e41a84ef1f2e41988c, type: 3}
      propertyPath: m_LocalPosition.x
      value: -5
      objectReference: {fileID: 0}
    - target: {fileID: 489384, guid: 1ac8b9099f0c47e41a84ef1f2e41988c, type: 3}
      propertyPath: m_LocalPosition.y
      value: 0
      objectReference: {fileID: 0}
    - target: {fileID: 489384, guid: 1ac8b9099f0c47e41a84ef1f2e41988c, type: 3}
      propertyPath: m_LocalPosition.z
      value: 4.9999995
      objectReference: {fileID: 0}
    - target: {fileID: 489384, guid: 1ac8b9099f0c47e41a84ef1f2e41988c, type: 3}
      propertyPath: m_LocalRotation.w
      value: 0.000002324581
      objectReference: {fileID: 0}
    - target: {fileID: 489384, guid: 1ac8b9099f0c47e41a84ef1f2e41988c, type: 3}
      propertyPath: m_LocalRotation.x
      value: -0
      objectReference: {fileID: 0}
    - target: {fileID: 489384, guid: 1ac8b9099f0c47e41a84ef1f2e41988c, type: 3}
      propertyPath: m_LocalRotation.y
      value: 1
      objectReference: {fileID: 0}
    - target: {fileID: 489384, guid: 1ac8b9099f0c47e41a84ef1f2e41988c, type: 3}
      propertyPath: m_LocalRotation.z
      value: -0
      objectReference: {fileID: 0}
    - target: {fileID: 489384, guid: 1ac8b9099f0c47e41a84ef1f2e41988c, type: 3}
      propertyPath: m_LocalEulerAnglesHint.x
      value: 0
      objectReference: {fileID: 0}
    - target: {fileID: 489384, guid: 1ac8b9099f0c47e41a84ef1f2e41988c, type: 3}
      propertyPath: m_LocalEulerAnglesHint.y
      value: 0
      objectReference: {fileID: 0}
    - target: {fileID: 489384, guid: 1ac8b9099f0c47e41a84ef1f2e41988c, type: 3}
      propertyPath: m_LocalEulerAnglesHint.z
      value: 0
      objectReference: {fileID: 0}
    - target: {fileID: 2391502, guid: 1ac8b9099f0c47e41a84ef1f2e41988c, type: 3}
      propertyPath: m_Materials.Array.data[0]
      value: 
      objectReference: {fileID: 2100000, guid: 9415d5fbf987e4d47b3c90bea3a0d824, type: 2}
    m_RemovedComponents:
    - {fileID: 65540268763204766, guid: 1ac8b9099f0c47e41a84ef1f2e41988c, type: 3}
  m_SourcePrefab: {fileID: 100100000, guid: 1ac8b9099f0c47e41a84ef1f2e41988c, type: 3}
--- !u!4 &6953276216255303538 stripped
Transform:
  m_CorrespondingSourceObject: {fileID: 489384, guid: 1ac8b9099f0c47e41a84ef1f2e41988c, type: 3}
  m_PrefabInstance: {fileID: 6953276216255625434}
  m_PrefabAsset: {fileID: 0}
--- !u!1001 &6973457925329266467
PrefabInstance:
  m_ObjectHideFlags: 0
  serializedVersion: 2
  m_Modification:
    m_TransformParent: {fileID: 7409898220793031021}
    m_Modifications:
    - target: {fileID: 2440688463104107421, guid: 7a0e6fe047220a14faa9795ec2408c4b, type: 3}
      propertyPath: m_LocalPosition.y
      value: 0
      objectReference: {fileID: 0}
    - target: {fileID: 2938135285850934322, guid: 7a0e6fe047220a14faa9795ec2408c4b, type: 3}
      propertyPath: m_LocalPosition.y
      value: 0
      objectReference: {fileID: 0}
    - target: {fileID: 3751095520368309416, guid: 7a0e6fe047220a14faa9795ec2408c4b, type: 3}
      propertyPath: m_Name
      value: CarSpots
      objectReference: {fileID: 0}
    - target: {fileID: 5557394688181105483, guid: 7a0e6fe047220a14faa9795ec2408c4b, type: 3}
      propertyPath: m_LocalPosition.y
      value: 0
      objectReference: {fileID: 0}
    - target: {fileID: 5880420444073448976, guid: 7a0e6fe047220a14faa9795ec2408c4b, type: 3}
      propertyPath: m_LocalPosition.y
      value: 0
      objectReference: {fileID: 0}
    - target: {fileID: 8490323878409496100, guid: 7a0e6fe047220a14faa9795ec2408c4b, type: 3}
      propertyPath: m_RootOrder
      value: 14
      objectReference: {fileID: 0}
    - target: {fileID: 8490323878409496100, guid: 7a0e6fe047220a14faa9795ec2408c4b, type: 3}
      propertyPath: m_LocalPosition.x
      value: 3.2239776
      objectReference: {fileID: 0}
    - target: {fileID: 8490323878409496100, guid: 7a0e6fe047220a14faa9795ec2408c4b, type: 3}
      propertyPath: m_LocalPosition.y
      value: 0
      objectReference: {fileID: 0}
    - target: {fileID: 8490323878409496100, guid: 7a0e6fe047220a14faa9795ec2408c4b, type: 3}
      propertyPath: m_LocalPosition.z
      value: 0.8326657
      objectReference: {fileID: 0}
    - target: {fileID: 8490323878409496100, guid: 7a0e6fe047220a14faa9795ec2408c4b, type: 3}
      propertyPath: m_LocalRotation.w
      value: 1
      objectReference: {fileID: 0}
    - target: {fileID: 8490323878409496100, guid: 7a0e6fe047220a14faa9795ec2408c4b, type: 3}
      propertyPath: m_LocalRotation.x
      value: -0
      objectReference: {fileID: 0}
    - target: {fileID: 8490323878409496100, guid: 7a0e6fe047220a14faa9795ec2408c4b, type: 3}
      propertyPath: m_LocalRotation.y
      value: -0
      objectReference: {fileID: 0}
    - target: {fileID: 8490323878409496100, guid: 7a0e6fe047220a14faa9795ec2408c4b, type: 3}
      propertyPath: m_LocalRotation.z
      value: -0
      objectReference: {fileID: 0}
    - target: {fileID: 8490323878409496100, guid: 7a0e6fe047220a14faa9795ec2408c4b, type: 3}
      propertyPath: m_LocalEulerAnglesHint.x
      value: 0
      objectReference: {fileID: 0}
    - target: {fileID: 8490323878409496100, guid: 7a0e6fe047220a14faa9795ec2408c4b, type: 3}
      propertyPath: m_LocalEulerAnglesHint.y
      value: 0
      objectReference: {fileID: 0}
    - target: {fileID: 8490323878409496100, guid: 7a0e6fe047220a14faa9795ec2408c4b, type: 3}
      propertyPath: m_LocalEulerAnglesHint.z
      value: 0
      objectReference: {fileID: 0}
    m_RemovedComponents: []
  m_SourcePrefab: {fileID: 100100000, guid: 7a0e6fe047220a14faa9795ec2408c4b, type: 3}
--- !u!4 &1519124419199320327 stripped
Transform:
  m_CorrespondingSourceObject: {fileID: 8490323878409496100, guid: 7a0e6fe047220a14faa9795ec2408c4b, type: 3}
  m_PrefabInstance: {fileID: 6973457925329266467}
  m_PrefabAsset: {fileID: 0}
--- !u!1001 &7173525446759671997
PrefabInstance:
  m_ObjectHideFlags: 0
  serializedVersion: 2
  m_Modification:
    m_TransformParent: {fileID: 7409898220793031021}
    m_Modifications:
    - target: {fileID: 165012, guid: dab5db0c0226560499e1021898aafb64, type: 3}
      propertyPath: m_Name
      value: SM_Env_Road_Bare_02
      objectReference: {fileID: 0}
    - target: {fileID: 493038, guid: dab5db0c0226560499e1021898aafb64, type: 3}
      propertyPath: m_RootOrder
      value: 10
      objectReference: {fileID: 0}
    - target: {fileID: 493038, guid: dab5db0c0226560499e1021898aafb64, type: 3}
      propertyPath: m_LocalPosition.x
      value: -5.0000024
      objectReference: {fileID: 0}
    - target: {fileID: 493038, guid: dab5db0c0226560499e1021898aafb64, type: 3}
      propertyPath: m_LocalPosition.y
      value: 0
      objectReference: {fileID: 0}
    - target: {fileID: 493038, guid: dab5db0c0226560499e1021898aafb64, type: 3}
      propertyPath: m_LocalPosition.z
      value: 30.000002
      objectReference: {fileID: 0}
    - target: {fileID: 493038, guid: dab5db0c0226560499e1021898aafb64, type: 3}
      propertyPath: m_LocalRotation.w
      value: -0.00000016292068
      objectReference: {fileID: 0}
    - target: {fileID: 493038, guid: dab5db0c0226560499e1021898aafb64, type: 3}
      propertyPath: m_LocalRotation.x
      value: 0
      objectReference: {fileID: 0}
    - target: {fileID: 493038, guid: dab5db0c0226560499e1021898aafb64, type: 3}
      propertyPath: m_LocalRotation.y
      value: 1
      objectReference: {fileID: 0}
    - target: {fileID: 493038, guid: dab5db0c0226560499e1021898aafb64, type: 3}
      propertyPath: m_LocalRotation.z
      value: 0
      objectReference: {fileID: 0}
    - target: {fileID: 2304996, guid: dab5db0c0226560499e1021898aafb64, type: 3}
      propertyPath: m_Materials.Array.data[0]
      value: 
      objectReference: {fileID: 2100000, guid: 9415d5fbf987e4d47b3c90bea3a0d824, type: 2}
    m_RemovedComponents:
    - {fileID: 65656172318749108, guid: dab5db0c0226560499e1021898aafb64, type: 3}
  m_SourcePrefab: {fileID: 100100000, guid: dab5db0c0226560499e1021898aafb64, type: 3}
--- !u!4 &7173525446759443795 stripped
Transform:
  m_CorrespondingSourceObject: {fileID: 493038, guid: dab5db0c0226560499e1021898aafb64, type: 3}
  m_PrefabInstance: {fileID: 7173525446759671997}
  m_PrefabAsset: {fileID: 0}
--- !u!1001 &7191733659670493094
PrefabInstance:
  m_ObjectHideFlags: 0
  serializedVersion: 2
  m_Modification:
    m_TransformParent: {fileID: 7409898220793031021}
    m_Modifications:
    - target: {fileID: 159042, guid: 1ac8b9099f0c47e41a84ef1f2e41988c, type: 3}
      propertyPath: m_Name
      value: SM_Env_Road_21 (5)
      objectReference: {fileID: 0}
    - target: {fileID: 489384, guid: 1ac8b9099f0c47e41a84ef1f2e41988c, type: 3}
      propertyPath: m_RootOrder
      value: 20
      objectReference: {fileID: 0}
    - target: {fileID: 489384, guid: 1ac8b9099f0c47e41a84ef1f2e41988c, type: 3}
      propertyPath: m_LocalPosition.x
      value: 5.0000005
      objectReference: {fileID: 0}
    - target: {fileID: 489384, guid: 1ac8b9099f0c47e41a84ef1f2e41988c, type: 3}
      propertyPath: m_LocalPosition.y
      value: 0
      objectReference: {fileID: 0}
    - target: {fileID: 489384, guid: 1ac8b9099f0c47e41a84ef1f2e41988c, type: 3}
      propertyPath: m_LocalPosition.z
      value: 25.000006
      objectReference: {fileID: 0}
    - target: {fileID: 489384, guid: 1ac8b9099f0c47e41a84ef1f2e41988c, type: 3}
      propertyPath: m_LocalRotation.w
      value: -1
      objectReference: {fileID: 0}
    - target: {fileID: 489384, guid: 1ac8b9099f0c47e41a84ef1f2e41988c, type: 3}
      propertyPath: m_LocalRotation.x
      value: -0
      objectReference: {fileID: 0}
    - target: {fileID: 489384, guid: 1ac8b9099f0c47e41a84ef1f2e41988c, type: 3}
      propertyPath: m_LocalRotation.y
      value: 0.0000045597553
      objectReference: {fileID: 0}
    - target: {fileID: 489384, guid: 1ac8b9099f0c47e41a84ef1f2e41988c, type: 3}
      propertyPath: m_LocalRotation.z
      value: -0
      objectReference: {fileID: 0}
    - target: {fileID: 489384, guid: 1ac8b9099f0c47e41a84ef1f2e41988c, type: 3}
      propertyPath: m_LocalEulerAnglesHint.x
      value: 0
      objectReference: {fileID: 0}
    - target: {fileID: 489384, guid: 1ac8b9099f0c47e41a84ef1f2e41988c, type: 3}
      propertyPath: m_LocalEulerAnglesHint.y
      value: 0
      objectReference: {fileID: 0}
    - target: {fileID: 489384, guid: 1ac8b9099f0c47e41a84ef1f2e41988c, type: 3}
      propertyPath: m_LocalEulerAnglesHint.z
      value: 0
      objectReference: {fileID: 0}
    - target: {fileID: 2391502, guid: 1ac8b9099f0c47e41a84ef1f2e41988c, type: 3}
      propertyPath: m_Materials.Array.data[0]
      value: 
      objectReference: {fileID: 2100000, guid: 9415d5fbf987e4d47b3c90bea3a0d824, type: 2}
    m_RemovedComponents:
    - {fileID: 65540268763204766, guid: 1ac8b9099f0c47e41a84ef1f2e41988c, type: 3}
  m_SourcePrefab: {fileID: 100100000, guid: 1ac8b9099f0c47e41a84ef1f2e41988c, type: 3}
--- !u!4 &7191733659670822926 stripped
Transform:
  m_CorrespondingSourceObject: {fileID: 489384, guid: 1ac8b9099f0c47e41a84ef1f2e41988c, type: 3}
  m_PrefabInstance: {fileID: 7191733659670493094}
  m_PrefabAsset: {fileID: 0}
